event_ticker,ticker,trade_id,count,yes_price,no_price,taker_side,created_time,dollar_amount
KXTRUMPMENTION-25DEC31,KXTRUMPMENTION-25DEC31-NATO,a1a6d89a-594d-413e-8ee2-d8c350c5a925,17,21,79,yes,2025-06-14T12:25:33.264706Z,3.57
KXTRUMPMENTION-25DEC31,KXTRUMPMENTION-25DEC31-NATO,92ffa470-9a13-4cec-8f97-f1597d275462,30,19,81,yes,2025-06-14T12:25:33.264706Z,5.7
KXTRUMPMENTION-25DEC31,KXTRUMPMENTION-25DEC31-NATO,c626609f-fb54-466f-831d-eee9506339f3,361,25,75,yes,2025-06-14T12:04:57.11141Z,90.25
KXTRUMPMENTION-25DEC31,KXTRUMPMENTION-25DEC31-NATO,00ac7674-2e5d-4abd-92d7-6c56a75255dc,118,24,76,yes,2025-06-14T12:04:57.11141Z,28.32
KXTRUMPMENTION-25DEC31,KXTRUMPMENTION-25DEC31-NATO,2d783d33-fafb-424c-8593-f5c5f717ef60,11,24,76,yes,2025-06-14T06:57:17.892502Z,2.64
KXTRUMPMENTION-25DEC31,KXTRUMPMENTION-25DEC31-NATO,eef815bc-e10f-4f1b-abe6-029c2af142f2,58,24,76,yes,2025-06-14T06:46:32.76191Z,13.92
KXTRUMPMENTION-25DEC31,KXTRUMPMENTION-25DEC31-NATO,22d0fac6-b632-4dbb-90bb-274aa0f2d47e,25,20,80,yes,2025-06-14T06:46:32.76191Z,5.0
KXTRUMPMENTION-25DEC31,KXTRUMPMENTION-25DEC31-NATO,494f3bb4-aaa1-4f3a-ba61-af961ec82c0a,102,24,76,yes,2025-06-14T06:42:13.508226Z,24.48
KXTRUMPMENTION-25DEC31,KXTRUMPMENTION-25DEC31-NATO,0c3a00f9-d4e8-48b8-a530-d95fa95f7a05,11,24,76,yes,2025-06-14T06:40:56.057938Z,2.64
KXTRUMPMENTION-25DEC31,KXTRUMPMENTION-25DEC31-NATO,0bbee942-11b6-4198-acbf-a89647e9cbf7,135,24,76,yes,2025-06-14T05:50:27.908154Z,32.4
KXTRUMPMENTION-25DEC31,KXTRUMPMENTION-25DEC31-NATO,04ee2fe4-5e26-44f9-a16a-e5d9fec1c8f2,714,22,78,yes,2025-06-14T05:50:27.908154Z,157.08
KXTRUMPMENTION-25DEC31,KXTRUMPMENTION-25DEC31-NATO,4c13a9ce-7161-4f38-8839-819b99ea9b03,32,19,81,yes,2025-06-14T05:46:13.146854Z,6.08
KXTRUMPMENTION-25DEC31,KXTRUMPMENTION-25DEC31-NATO,3ffdcdb6-28fd-45cf-9873-d3ed6c2c3fea,4,22,78,yes,2025-06-14T05:29:07.792418Z,0.88
KXTRUMPMENTION-25DEC31,KXTRUMPMENTION-25DEC31-NATO,f22544f4-b58f-4690-b2ff-29cd18ebf9e1,38,22,78,yes,2025-06-14T05:16:32.861525Z,8.36
KXTRUMPMENTION-25DEC31,KXTRUMPMENTION-25DEC31-NATO,ce08d2fa-3e02-4f8d-bc0c-8cc4d9b7692d,58,20,80,yes,2025-06-14T05:05:17.459793Z,11.6
KXTRUMPMENTION-25DEC31,KXTRUMPMENTION-25DEC31-NATO,99df2d6d-2ba1-4f71-bc8f-ce63e39ad1f7,4,21,79,yes,2025-06-14T05:05:17.459793Z,0.84
KXTRUMPMENTION-25DEC31,KXTRUMPMENTION-25DEC31-NATO,7b08a7f0-f84e-4db7-a44f-1ff69866182a,198,21,79,yes,2025-06-14T05:05:17.459793Z,41.58
KXTRUMPMENTION-25DEC31,KXTRUMPMENTION-25DEC31-NATO,204e3538-36ca-4cbe-99fe-a531a1a05da5,185,22,78,yes,2025-06-14T05:05:17.459793Z,40.7
KXTRUMPMENTION-25DEC31,KXTRUMPMENTION-25DEC31-NATO,2668570d-b647-4f7e-912f-f49abce6d2a3,47,20,80,yes,2025-06-14T05:03:54.228528Z,9.4
KXTRUMPMENTION-25DEC31,KXTRUMPMENTION-25DEC31-NATO,e5c683a1-026e-4888-b941-ad97be749272,17,19,81,yes,2025-06-14T05:03:25.473778Z,3.23
KXTRUMPMENTION-25DEC31,KXTRUMPMENTION-25DEC31-NATO,b6a5b855-81da-46a2-8679-244694f18d73,216,20,80,yes,2025-06-14T05:03:25.473778Z,43.2
KXTRUMPMENTION-25DEC31,KXTRUMPMENTION-25DEC31-NATO,840f485f-1030-4e86-9ba2-c248941a56ad,4,19,81,yes,2025-06-14T05:03:25.473778Z,0.76
KXTRUMPMENTION-25DEC31,KXTRUMPMENTION-25DEC31-NATO,f55e8b02-6d57-4d4c-88e8-5dcd14e27b62,14,19,81,yes,2025-06-14T04:38:09.709717Z,2.66
KXTRUMPMENTION-25DEC31,KXTRUMPMENTION-25DEC31-NATO,ba342c81-06ef-471c-8ff3-2cd4b02ae393,196,19,81,yes,2025-06-14T04:16:41.9015Z,37.24
KXTRUMPMENTION-25DEC31,KXTRUMPMENTION-25DEC31-NATO,6ff419ef-9822-4643-8ada-afa962cca5b7,4,19,81,yes,2025-06-14T04:02:55.587905Z,0.76
KXTRUMPMENTION-25DEC31,KXTRUMPMENTION-25DEC31-NATO,62f2e93b-48ca-4da2-a0bb-4ee29438efdd,24,19,81,yes,2025-06-14T04:02:40.133593Z,4.56
KXTRUMPMENTION-25DEC31,KXTRUMPMENTION-25DEC31-NATO,8b5c9f9e-6352-48d8-b50c-834f4aba3760,49,19,81,yes,2025-06-14T03:42:03.38458Z,9.31
KXTRUMPMENTION-25DEC31,KXTRUMPMENTION-25DEC31-NATO,231007b3-dbe3-4414-91da-cbef04ef9d5e,12,19,81,yes,2025-06-14T03:34:19.879058Z,2.28
KXTRUMPMENTION-25DEC31,KXTRUMPMENTION-25DEC31-NATO,1ad49306-9ad2-45a7-9578-4858142f3867,144,19,81,yes,2025-06-14T03:07:58.09117Z,27.36
KXTRUMPMENTION-25DEC31,KXTRUMPMENTION-25DEC31-NATO,11b9c020-04e7-4cd9-9c71-3c6f984b5535,146,19,81,yes,2025-06-14T03:04:29.853044Z,27.74
KXTRUMPMENTION-25DEC31,KXTRUMPMENTION-25DEC31-NATO,3965ce9f-e188-44cf-bd15-d4e26fb28ce6,249,19,81,yes,2025-06-14T03:04:10.36148Z,47.31
KXTRUMPMENTION-25DEC31,KXTRUMPMENTION-25DEC31-NATO,c16d0d24-0823-4740-8077-7ce76ac11564,42,19,81,yes,2025-06-14T03:01:48.768359Z,7.98
KXTRUMPMENTION-25DEC31,KXTRUMPMENTION-25DEC31-NATO,f86efec6-0427-410b-9b48-00017749b5b8,99,19,81,yes,2025-06-14T02:19:33.386667Z,18.81
KXTRUMPMENTION-25DEC31,KXTRUMPMENTION-25DEC31-NATO,11f52f94-7f5d-4936-8df7-8a9fa0f34e8c,4,19,81,yes,2025-06-14T01:53:22.093905Z,0.76
KXTRUMPMENTION-25DEC31,KXTRUMPMENTION-25DEC31-NATO,c3ce90b1-f593-403e-928c-d26049b951e9,3,20,80,yes,2025-06-14T00:32:39.353497Z,0.6
KXTRUMPMENTION-25DEC31,KXTRUMPMENTION-25DEC31-NATO,9e4dd6c9-acf8-4e03-80bb-b28d7f0a7140,5,20,80,yes,2025-06-14T00:14:28.133325Z,1.0
KXTRUMPMENTION-25DEC31,KXTRUMPMENTION-25DEC31-NATO,51449f0a-65a5-4952-abcb-b8794903abe7,46,20,80,yes,2025-06-13T22:20:56.055324Z,9.2
KXTRUMPMENTION-25DEC31,KXTRUMPMENTION-25DEC31-NATO,f5f6cc42-e473-4750-83e0-9f671197a83d,1,14,86,no,2025-06-13T20:54:42.402873Z,0.14
KXTRUMPMENTION-25DEC31,KXTRUMPMENTION-25DEC31-NATO,b58957db-f26f-4fa4-a8a1-d765c10eebc6,1,14,86,no,2025-06-13T20:54:42.402873Z,0.14
KXTRUMPMENTION-25DEC31,KXTRUMPMENTION-25DEC31-NATO,b36b4aad-9a81-45b5-947b-44253591fb10,1,14,86,no,2025-06-13T20:54:42.402873Z,0.14
KXTRUMPMENTION-25DEC31,KXTRUMPMENTION-25DEC31-NATO,00122375-6812-4de9-9502-c1d312e0afd9,34,14,86,no,2025-06-13T20:54:42.402873Z,4.76
KXTRUMPMENTION-25DEC31,KXTRUMPMENTION-25DEC31-NATO,f4a93634-d054-4771-95eb-b0b994d91be3,2,14,86,no,2025-06-13T20:28:35.969636Z,0.28
KXTRUMPMENTION-25DEC31,KXTRUMPMENTION-25DEC31-NATO,2ec0e101-77de-4121-8ee5-19a4cf56379d,93,20,80,yes,2025-06-13T20:26:45.336945Z,18.6
KXTRUMPMENTION-25DEC31,KXTRUMPMENTION-25DEC31-NATO,e1a32b52-5f68-47f9-a0b4-bf2254ac9dc3,32,20,80,yes,2025-06-13T20:24:43.718622Z,6.4
KXTRUMPMENTION-25DEC31,KXTRUMPMENTION-25DEC31-NATO,2adff319-a2f2-4185-b70b-b2771a8e79c3,41,19,81,yes,2025-06-13T20:24:43.718622Z,7.79
KXTRUMPMENTION-25DEC31,KXTRUMPMENTION-25DEC31-NATO,cb1149a0-7f14-4a92-a04e-dfc2fc27d440,99,19,81,yes,2025-06-13T20:24:09.733616Z,18.81
KXTRUMPMENTION-25DEC31,KXTRUMPMENTION-25DEC31-NATO,0f551777-63e1-4791-89d0-555f0530b741,1,19,81,yes,2025-06-13T18:46:58.899747Z,0.19
KXTRUMPMENTION-25DEC31,KXTRUMPMENTION-25DEC31-NATO,f3bb15c4-5be2-40a5-a519-d2d7055a0855,49,19,81,yes,2025-06-13T18:40:58.752489Z,9.31
KXTRUMPMENTION-25DEC31,KXTRUMPMENTION-25DEC31-NATO,22873259-5321-43ed-86f1-2881f617a391,10,19,81,yes,2025-06-13T18:27:54.299261Z,1.9
KXTRUMPMENTION-25DEC31,KXTRUMPMENTION-25DEC31-NATO,e7bc568d-1034-45b6-8e0a-6ce109b2d2dd,2,21,79,yes,2025-06-13T16:57:37.232695Z,0.42
KXTRUMPMENTION-25DEC31,KXTRUMPMENTION-25DEC31-NATO,8279dfa3-7a94-4a99-b9eb-766475737cf2,4,22,78,yes,2025-06-13T14:39:30.520449Z,0.88
KXTRUMPMENTION-25DEC31,KXTRUMPMENTION-25DEC31-NATO,f6ce4fe9-f422-4f12-a76a-cd21c2e3208b,39,22,78,yes,2025-06-13T13:55:25.035178Z,8.58
KXTRUMPMENTION-25DEC31,KXTRUMPMENTION-25DEC31-NATO,5f1c4c70-98a3-49bd-8d73-b0ef71cb281f,4,21,79,yes,2025-06-13T13:55:25.035178Z,0.84
KXTRUMPMENTION-25DEC31,KXTRUMPMENTION-25DEC31-NATO,cec06906-5f91-49d7-a958-531b19967e93,7,14,86,no,2025-06-13T13:31:18.948382Z,0.98
KXTRUMPMENTION-25DEC31,KXTRUMPMENTION-25DEC31-NATO,b5a4bb79-5744-418d-bbd6-32090912374a,1,21,79,yes,2025-06-13T13:11:40.468366Z,0.21
KXTRUMPMENTION-25DEC31,KXTRUMPMENTION-25DEC31-NATO,645c3d0e-a3d0-4cfb-8702-87a28168fbaf,4,21,79,yes,2025-06-13T13:11:40.468366Z,0.84
KXTRUMPMENTION-25DEC31,KXTRUMPMENTION-25DEC31-NATO,058f6aeb-69f9-4586-ad1b-ca7d0594693c,16,22,78,yes,2025-06-13T13:11:40.468366Z,3.52
KXTRUMPMENTION-25DEC31,KXTRUMPMENTION-25DEC31-NATO,c55fa95f-294e-4cc0-bc07-29ea7dfdc601,3,23,77,yes,2025-06-13T06:35:43.103273Z,0.69
KXTRUMPMENTION-25DEC31,KXTRUMPMENTION-25DEC31-NATO,fdb40cb2-3032-42e5-bc1d-a3a57e0afb55,5,23,77,yes,2025-06-13T04:03:55.766875Z,1.15
KXTRUMPMENTION-25DEC31,KXTRUMPMENTION-25DEC31-NATO,dc7ccc41-4d70-4abe-862c-dd7383f9963d,29,23,77,yes,2025-06-13T04:03:55.766875Z,6.67
KXTRUMPMENTION-25DEC31,KXTRUMPMENTION-25DEC31-NATO,45509b1e-5d99-4347-952a-417030d9b7b3,25,23,77,yes,2025-06-13T04:03:55.766875Z,5.75
KXTRUMPMENTION-25DEC31,KXTRUMPMENTION-25DEC31-NATO,14fe7d11-ef99-4d08-b8d6-efaa1173a165,45,24,76,yes,2025-06-13T04:03:55.766875Z,10.8
KXTRUMPMENTION-25DEC31,KXTRUMPMENTION-25DEC31-NATO,06b14759-ca73-4736-8613-1f8abb1ad9bc,14,25,75,yes,2025-06-13T04:03:55.766875Z,3.5
KXTRUMPMENTION-25DEC31,KXTRUMPMENTION-25DEC31-NATO,7e992633-75b6-45d9-a154-fe987df14d51,10,22,78,yes,2025-06-13T03:30:22.630102Z,2.2
KXTRUMPMENTION-25DEC31,KXTRUMPMENTION-25DEC31-NATO,7b1bd14d-cd6a-43b3-85bb-74549047f3bb,2,23,77,yes,2025-06-13T03:30:22.630102Z,0.46
KXTRUMPMENTION-25DEC31,KXTRUMPMENTION-25DEC31-NATO,60f1c946-311f-407e-860f-72f07dbedf2c,8,22,78,yes,2025-06-13T03:00:38.447895Z,1.76
KXTRUMPMENTION-25DEC31,KXTRUMPMENTION-25DEC31-NATO,874163bc-006b-4893-854d-1034b59b46cc,100,20,80,no,2025-06-13T02:23:12.965702Z,20.0
KXTRUMPMENTION-25DEC31,KXTRUMPMENTION-25DEC31-NATO,7b569031-ceeb-4491-9263-b7f4012bddd7,35,21,79,no,2025-06-13T02:23:12.965702Z,7.35
KXTRUMPMENTION-25DEC31,KXTRUMPMENTION-25DEC31-NATO,6a913bfa-b33e-4fc4-b570-513d3c4539d5,296,6,94,no,2025-06-13T02:23:12.965702Z,17.76
KXTRUMPMENTION-25DEC31,KXTRUMPMENTION-25DEC31-NATO,4450e8ba-6280-4894-86b2-8aac52330030,18,7,93,no,2025-06-13T02:23:12.965702Z,1.26
KXTRUMPMENTION-25DEC31,KXTRUMPMENTION-25DEC31-NATO,de869d10-22dd-45b6-888a-063e34105f61,83,24,76,yes,2025-06-13T02:06:35.718186Z,19.92
KXTRUMPMENTION-25DEC31,KXTRUMPMENTION-25DEC31-NATO,d6e2acaf-358f-4a00-84c0-8de1c61dc0ad,19,24,76,yes,2025-06-13T01:49:31.994695Z,4.56
KXTRUMPMENTION-25DEC31,KXTRUMPMENTION-25DEC31-NATO,28f5bc53-0d4c-4df9-b3fa-409b46866032,7,24,76,yes,2025-06-13T01:26:50.822763Z,1.68
KXTRUMPMENTION-25DEC31,KXTRUMPMENTION-25DEC31-NATO,28f5de9c-b543-43e0-ab58-6c60d15a65a6,39,24,76,yes,2025-06-12T23:35:47.474693Z,9.36
KXTRUMPMENTION-25DEC31,KXTRUMPMENTION-25DEC31-NATO,259bb724-63d7-467a-a721-ba81d86c88ad,7,24,76,yes,2025-06-12T22:25:04.454316Z,1.68
KXTRUMPMENTION-25DEC31,KXTRUMPMENTION-25DEC31-NATO,678e1fb8-e1b5-4335-9ac1-8c4a17399e21,3,24,76,yes,2025-06-12T20:52:32.354834Z,0.72
KXTRUMPMENTION-25DEC31,KXTRUMPMENTION-25DEC31-NATO,39a32f5c-b6dc-4c39-b4b3-ffe6f27d4cde,35,25,75,yes,2025-06-12T20:52:32.354834Z,8.75
KXTRUMPMENTION-25DEC31,KXTRUMPMENTION-25DEC31-NATO,e0c8e738-7146-43cb-9a9d-f574cff2186f,197,24,76,yes,2025-06-12T20:15:48.490026Z,47.28
KXTRUMPMENTION-25DEC31,KXTRUMPMENTION-25DEC31-NATO,9e8e6fe1-9c50-416f-914a-db43b3a90d02,196,25,75,yes,2025-06-12T17:58:59.774691Z,49.0
KXTRUMPMENTION-25DEC31,KXTRUMPMENTION-25DEC31-NATO,66be5464-01fb-4af8-afc6-2cbf20f3b45b,191,24,76,yes,2025-06-12T17:58:59.774691Z,45.84
KXTRUMPMENTION-25DEC31,KXTRUMPMENTION-25DEC31-NATO,6425b6fc-b429-4b60-b22f-fa3bb8e6bc20,15,16,84,yes,2025-06-12T17:49:07.198709Z,2.4
KXTRUMPMENTION-25DEC31,KXTRUMPMENTION-25DEC31-NATO,5a874a42-a52e-4b69-92ba-cec8a6bd5b0f,9,24,76,yes,2025-06-12T17:49:07.198709Z,2.16
KXTRUMPMENTION-25DEC31,KXTRUMPMENTION-25DEC31-NATO,850f99b7-cbe6-42cd-a6be-d3a079cf43d6,10,16,84,no,2025-06-12T17:28:37.587659Z,1.6
KXTRUMPMENTION-25DEC31,KXTRUMPMENTION-25DEC31-NATO,7d9e2a71-8b96-440b-aead-3a5e2b31d496,200,24,76,yes,2025-06-12T16:18:52.171414Z,48.0
KXTRUMPMENTION-25DEC31,KXTRUMPMENTION-25DEC31-NATO,457bea3c-c739-4d1c-bf8e-7d91334afa54,200,23,77,yes,2025-06-12T16:18:52.171414Z,46.0
KXTRUMPMENTION-25DEC31,KXTRUMPMENTION-25DEC31-NATI,90439673-b816-46f5-a0c8-3dedb89700d1,11,41,59,yes,2025-06-14T12:55:07.24377Z,4.51
KXTRUMPMENTION-25DEC31,KXTRUMPMENTION-25DEC31-NATI,98de5c3c-acc5-4403-bb3c-2d69ebe5510b,5,37,63,yes,2025-06-14T12:51:13.727762Z,1.85
KXTRUMPMENTION-25DEC31,KXTRUMPMENTION-25DEC31-NATI,8a91bbe0-8599-4a2a-a2d9-3595b35c2bb5,162,41,59,yes,2025-06-14T12:51:13.727762Z,66.42
KXTRUMPMENTION-25DEC31,KXTRUMPMENTION-25DEC31-NATI,64265805-30b1-44b5-9f18-6f48cc236230,35,39,61,yes,2025-06-14T12:51:13.727762Z,13.65
KXTRUMPMENTION-25DEC31,KXTRUMPMENTION-25DEC31-NATI,5c24c53e-e35d-4f80-b497-84415dc03341,20,39,61,yes,2025-06-14T12:51:13.727762Z,7.8
KXTRUMPMENTION-25DEC31,KXTRUMPMENTION-25DEC31-NATI,144ac8a1-12c2-4894-a670-72e71db15aa3,16,38,62,yes,2025-06-14T12:51:13.727762Z,6.08
KXTRUMPMENTION-25DEC31,KXTRUMPMENTION-25DEC31-NATI,fc265cd8-f949-4cb5-a974-8806bdf80480,10,36,64,no,2025-06-14T12:34:16.600895Z,3.6
KXTRUMPMENTION-25DEC31,KXTRUMPMENTION-25DEC31-NATI,dd66bac6-2b8f-4a70-b82b-d27d426e8359,124,27,73,no,2025-06-14T12:34:16.600895Z,33.48
KXTRUMPMENTION-25DEC31,KXTRUMPMENTION-25DEC31-NATI,d034822c-0cf0-46cf-90a5-cc1d232ca84b,20,36,64,no,2025-06-14T12:34:16.600895Z,7.2
KXTRUMPMENTION-25DEC31,KXTRUMPMENTION-25DEC31-NATI,cee7e153-9c77-464e-863d-e7499dddb69e,35,35,65,no,2025-06-14T12:34:16.600895Z,12.25
KXTRUMPMENTION-25DEC31,KXTRUMPMENTION-25DEC31-NATI,cd5b7634-140d-4ee7-aafd-c8310c30bc33,40,34,66,no,2025-06-14T12:34:16.600895Z,13.6
KXTRUMPMENTION-25DEC31,KXTRUMPMENTION-25DEC31-NATI,a3cf511d-3f8f-4536-a235-20fe67ecaf17,80,34,66,no,2025-06-14T12:34:16.600895Z,27.2
KXTRUMPMENTION-25DEC31,KXTRUMPMENTION-25DEC31-NATI,5c440188-b908-426e-94b3-a1180321be7d,40,32,68,no,2025-06-14T12:34:16.600895Z,12.8
KXTRUMPMENTION-25DEC31,KXTRUMPMENTION-25DEC31-NATI,23a5ffae-acc7-46bd-8ef1-eb218cd701e5,80,32,68,no,2025-06-14T12:34:16.600895Z,25.6
KXTRUMPMENTION-25DEC31,KXTRUMPMENTION-25DEC31-NATI,8300eb81-47b8-4838-a710-37022cba7d8b,2,42,58,yes,2025-06-14T12:29:24.985101Z,0.84
KXTRUMPMENTION-25DEC31,KXTRUMPMENTION-25DEC31-NATI,8e87e9d1-d23f-448a-aa07-389a816eaa91,35,41,59,yes,2025-06-14T12:27:31.110581Z,14.35
KXTRUMPMENTION-25DEC31,KXTRUMPMENTION-25DEC31-NATI,d652c83f-2859-4c26-adce-286228fcff13,81,44,56,yes,2025-06-14T12:18:02.421486Z,35.64
KXTRUMPMENTION-25DEC31,KXTRUMPMENTION-25DEC31-NATI,23ef21c0-68d7-43b9-a98a-f5704f0d2711,19,43,57,yes,2025-06-14T12:18:02.421486Z,8.17
KXTRUMPMENTION-25DEC31,KXTRUMPMENTION-25DEC31-NATI,ed05fa09-a063-4d23-9e6d-288af78fd239,10,28,72,no,2025-06-14T12:17:25.24645Z,2.8
KXTRUMPMENTION-25DEC31,KXTRUMPMENTION-25DEC31-NATI,e9b68368-dfb5-4986-824c-7ab5b40dfabc,20,37,63,no,2025-06-14T12:17:25.24645Z,7.4
KXTRUMPMENTION-25DEC31,KXTRUMPMENTION-25DEC31-NATI,e3fc47cb-86b7-45a7-833d-3efff88dab90,40,27,73,no,2025-06-14T12:17:25.24645Z,10.8
KXTRUMPMENTION-25DEC31,KXTRUMPMENTION-25DEC31-NATI,d946198a-1c3c-4ab9-a551-168f54720a16,6,39,61,no,2025-06-14T12:17:25.24645Z,2.34
KXTRUMPMENTION-25DEC31,KXTRUMPMENTION-25DEC31-NATI,85640841-3a21-4a01-a703-7653e0f6392d,20,35,65,no,2025-06-14T12:17:25.24645Z,7.0
KXTRUMPMENTION-25DEC31,KXTRUMPMENTION-25DEC31-NATI,8140abf9-44e5-4503-be4d-2fddc08c890f,9,29,71,no,2025-06-14T12:17:25.24645Z,2.61
KXTRUMPMENTION-25DEC31,KXTRUMPMENTION-25DEC31-NATI,33a26c22-357f-48a7-abd3-e439370f0e18,35,28,72,no,2025-06-14T12:17:25.24645Z,9.8
KXTRUMPMENTION-25DEC31,KXTRUMPMENTION-25DEC31-NATI,30e3cc85-9ace-4260-93ee-a3699738d727,94,48,52,yes,2025-06-14T12:04:40.138756Z,45.12
KXTRUMPMENTION-25DEC31,KXTRUMPMENTION-25DEC31-NATI,a237d47a-1daa-4243-9c79-0d9ee904f834,30,48,52,yes,2025-06-14T12:03:56.275968Z,14.4
KXTRUMPMENTION-25DEC31,KXTRUMPMENTION-25DEC31-NATI,1082e2e4-ff61-46de-badd-303de79af14e,12,48,52,yes,2025-06-14T06:58:54.423326Z,5.76
KXTRUMPMENTION-25DEC31,KXTRUMPMENTION-25DEC31-NATI,c6842a3d-9132-4d05-9c06-1d21bac7ae7d,9,48,52,yes,2025-06-14T06:53:12.893076Z,4.32
KXTRUMPMENTION-25DEC31,KXTRUMPMENTION-25DEC31-NATI,5d8fe2a8-7f7e-4264-b33b-cf38f850dd18,11,47,53,yes,2025-06-14T06:53:12.893076Z,5.17
KXTRUMPMENTION-25DEC31,KXTRUMPMENTION-25DEC31-NATI,9052dca3-d3e2-46c1-a9e7-9438c6382fa9,40,48,52,yes,2025-06-14T06:45:58.245355Z,19.2
KXTRUMPMENTION-25DEC31,KXTRUMPMENTION-25DEC31-NATI,efddedc6-f23f-44dd-855f-d5431fce99ee,43,48,52,yes,2025-06-14T06:31:22.732324Z,20.64
KXTRUMPMENTION-25DEC31,KXTRUMPMENTION-25DEC31-NATI,697afab9-a972-481c-b013-99c7eb536201,28,47,53,yes,2025-06-14T06:31:22.732324Z,13.16
KXTRUMPMENTION-25DEC31,KXTRUMPMENTION-25DEC31-NATI,1a18331f-ea20-42f1-a964-cb44f1287ccf,30,47,53,yes,2025-06-14T06:31:22.732324Z,14.1
KXTRUMPMENTION-25DEC31,KXTRUMPMENTION-25DEC31-NATI,8c6b6d45-66a8-4e83-86ae-ab39615d8fc9,28,32,68,no,2025-06-14T06:06:06.381103Z,8.96
KXTRUMPMENTION-25DEC31,KXTRUMPMENTION-25DEC31-NATI,20a02a6a-9de3-4e71-bdf1-0e213cf71992,10,48,52,yes,2025-06-14T05:58:08.253819Z,4.8
KXTRUMPMENTION-25DEC31,KXTRUMPMENTION-25DEC31-NATI,7459688a-051a-4e8f-a282-99e31953ad65,4,48,52,yes,2025-06-14T05:53:25.095873Z,1.92
KXTRUMPMENTION-25DEC31,KXTRUMPMENTION-25DEC31-NATI,50f94340-9ae7-497b-97a3-a5ee9ee48201,2,48,52,yes,2025-06-14T05:31:00.534262Z,0.96
KXTRUMPMENTION-25DEC31,KXTRUMPMENTION-25DEC31-NATI,5f8c13ae-fbb8-4bb0-ada6-5e4fb39ffa55,7,48,52,yes,2025-06-14T05:30:18.741751Z,3.36
KXTRUMPMENTION-25DEC31,KXTRUMPMENTION-25DEC31-NATI,60895f8d-085d-4240-af23-736cf01776dc,4,48,52,yes,2025-06-14T05:29:34.764074Z,1.92
KXTRUMPMENTION-25DEC31,KXTRUMPMENTION-25DEC31-NATI,f2e29003-8fa7-417c-9ef1-cc5df8c282bf,3,47,53,yes,2025-06-14T05:28:53.353003Z,1.41
KXTRUMPMENTION-25DEC31,KXTRUMPMENTION-25DEC31-NATI,6afb54e1-0433-4385-a150-69c6e67ebd38,1,47,53,yes,2025-06-14T05:23:10.662688Z,0.47
KXTRUMPMENTION-25DEC31,KXTRUMPMENTION-25DEC31-NATI,e3e477e1-50b6-4bc1-876f-b33630aa825c,183,48,52,yes,2025-06-14T05:11:11.72414Z,87.84
KXTRUMPMENTION-25DEC31,KXTRUMPMENTION-25DEC31-NATI,4df72bf0-68e8-42e8-830b-167dac7ed182,4,47,53,yes,2025-06-14T05:11:11.72414Z,1.88
KXTRUMPMENTION-25DEC31,KXTRUMPMENTION-25DEC31-NATI,0bb6a285-6759-46e8-a8da-03c1a8186599,14,47,53,yes,2025-06-14T05:11:11.72414Z,6.58
KXTRUMPMENTION-25DEC31,KXTRUMPMENTION-25DEC31-NATI,09688317-6aa2-4165-a5d0-0cbc4573b0c4,20,47,53,yes,2025-06-14T05:03:02.049899Z,9.4
KXTRUMPMENTION-25DEC31,KXTRUMPMENTION-25DEC31-NATI,b80a7c40-bcf9-443e-980d-81ec9937f638,16,47,53,yes,2025-06-14T04:42:33.756197Z,7.52
KXTRUMPMENTION-25DEC31,KXTRUMPMENTION-25DEC31-NATI,78e90ef0-bd03-410e-bb22-a56365e9cab4,4,47,53,yes,2025-06-14T04:42:33.756197Z,1.88
KXTRUMPMENTION-25DEC31,KXTRUMPMENTION-25DEC31-NATI,bc35edc5-0466-4c41-a4c8-756e325f4b53,20,47,53,yes,2025-06-14T03:51:13.507861Z,9.4
KXTRUMPMENTION-25DEC31,KXTRUMPMENTION-25DEC31-NATI,6140b0f1-a05f-4b62-8c52-3b908acd62fa,10,47,53,yes,2025-06-14T03:51:13.507861Z,4.7
KXTRUMPMENTION-25DEC31,KXTRUMPMENTION-25DEC31-NATI,1eaed5a7-171e-4025-bb2b-f7b51e6a4b8d,30,48,52,yes,2025-06-14T03:51:13.507861Z,14.4
KXTRUMPMENTION-25DEC31,KXTRUMPMENTION-25DEC31-NATI,95acc577-21e3-47ca-8419-f1347629e81c,13,37,63,no,2025-06-14T03:35:54.471534Z,4.81
KXTRUMPMENTION-25DEC31,KXTRUMPMENTION-25DEC31-NATI,5b66399d-7a80-4041-a273-ea4bf6db1748,5,39,61,no,2025-06-14T03:35:54.471534Z,1.95
KXTRUMPMENTION-25DEC31,KXTRUMPMENTION-25DEC31-NATI,418a920e-f928-4922-959d-8b4a229a2bca,39,40,60,no,2025-06-14T03:35:54.471534Z,15.6
KXTRUMPMENTION-25DEC31,KXTRUMPMENTION-25DEC31-NATI,2efff60c-72d9-4579-8ed1-26dce58959f2,10,39,61,no,2025-06-14T03:35:54.471534Z,3.9
KXTRUMPMENTION-25DEC31,KXTRUMPMENTION-25DEC31-NATI,ec5849fb-6a33-4c15-a126-41ebbca0e6ab,2,48,52,yes,2025-06-14T03:23:08.510318Z,0.96
KXTRUMPMENTION-25DEC31,KXTRUMPMENTION-25DEC31-NATI,f4b91bb5-2061-42c2-b1bd-5b942e51c611,20,48,52,yes,2025-06-14T03:12:48.564906Z,9.6
KXTRUMPMENTION-25DEC31,KXTRUMPMENTION-25DEC31-NATI,28289bac-5f66-40a6-b614-7b1f451db5e9,10,48,52,yes,2025-06-14T02:18:35.81244Z,4.8
KXTRUMPMENTION-25DEC31,KXTRUMPMENTION-25DEC31-NATI,7dcd1f1f-95e4-4393-a1d7-c0bd25762155,10,48,52,yes,2025-06-14T02:02:53.332356Z,4.8
KXTRUMPMENTION-25DEC31,KXTRUMPMENTION-25DEC31-NATI,4cd431a5-f83b-4507-9d60-e34f6505714a,4,48,52,yes,2025-06-14T01:52:36.263823Z,1.92
KXTRUMPMENTION-25DEC31,KXTRUMPMENTION-25DEC31-NATI,cb7bfff2-689c-4f3a-859c-4620823307cc,2,48,52,yes,2025-06-14T00:38:33.405844Z,0.96
KXTRUMPMENTION-25DEC31,KXTRUMPMENTION-25DEC31-NATI,ae466609-cd9f-4898-ad88-f02be4cc2d0b,5,48,52,yes,2025-06-14T00:13:25.427224Z,2.4
KXTRUMPMENTION-25DEC31,KXTRUMPMENTION-25DEC31-NATI,48cdf3f1-8d4a-4640-952e-8806895fa992,13,48,52,yes,2025-06-13T21:20:43.193823Z,6.24
KXTRUMPMENTION-25DEC31,KXTRUMPMENTION-25DEC31-NATI,01b64dc1-241f-498b-8ecd-b910a4ce552c,7,48,52,yes,2025-06-13T21:20:43.193823Z,3.36
KXTRUMPMENTION-25DEC31,KXTRUMPMENTION-25DEC31-NATI,5ca50dc2-6dba-4e21-99dd-f18b89f6848e,20,48,52,yes,2025-06-13T20:42:44.716216Z,9.6
KXTRUMPMENTION-25DEC31,KXTRUMPMENTION-25DEC31-NATI,5d0bf9a5-c21d-480c-82f6-823290e1a047,10,48,52,yes,2025-06-13T20:22:04.750406Z,4.8
KXTRUMPMENTION-25DEC31,KXTRUMPMENTION-25DEC31-NATI,4a36e5ea-8688-4ecb-bd38-7daa8f7567ef,40,48,52,yes,2025-06-13T20:20:58.612282Z,19.2
KXTRUMPMENTION-25DEC31,KXTRUMPMENTION-25DEC31-NATI,e1f4b2fa-ca79-4db5-b7c9-4eae8becf8d0,10,48,52,yes,2025-06-13T19:30:50.94569Z,4.8
KXTRUMPMENTION-25DEC31,KXTRUMPMENTION-25DEC31-NATI,f988857b-e548-453d-b54e-cc464d1e826e,2,47,53,yes,2025-06-13T19:20:40.506864Z,0.94
KXTRUMPMENTION-25DEC31,KXTRUMPMENTION-25DEC31-NATI,cc9f6499-a683-4d5c-97d7-91cf123024f2,24,48,52,yes,2025-06-13T19:08:04.760528Z,11.52
KXTRUMPMENTION-25DEC31,KXTRUMPMENTION-25DEC31-NATI,8e1d9e91-131e-4950-a932-fb7efd27938f,17,47,53,yes,2025-06-13T19:04:34.655761Z,7.99
KXTRUMPMENTION-25DEC31,KXTRUMPMENTION-25DEC31-NATI,4b5e1d8c-a505-4bce-ac5f-fd23dd308f98,23,48,52,yes,2025-06-13T19:04:34.655761Z,11.04
KXTRUMPMENTION-25DEC31,KXTRUMPMENTION-25DEC31-NATI,d11d04a0-80cf-4a60-a918-94231bde7761,1,40,60,no,2025-06-13T18:54:34.324867Z,0.4
KXTRUMPMENTION-25DEC31,KXTRUMPMENTION-25DEC31-NATI,1bf453c7-45d6-4869-aef4-ea7a1bb257e1,10,47,53,yes,2025-06-13T18:54:22.345976Z,4.7
KXTRUMPMENTION-25DEC31,KXTRUMPMENTION-25DEC31-NATI,39aaf45d-9268-4c1f-96b3-88872196e0a8,1,47,53,yes,2025-06-13T18:47:41.336721Z,0.47
KXTRUMPMENTION-25DEC31,KXTRUMPMENTION-25DEC31-NATI,65905c0a-647d-4bab-a175-0b751d3bea73,150,47,53,yes,2025-06-13T18:44:48.303071Z,70.5
KXTRUMPMENTION-25DEC31,KXTRUMPMENTION-25DEC31-NATI,d4e7c0c7-5696-4017-a1ed-7eed24abe618,4,47,53,yes,2025-06-13T18:26:47.433514Z,1.88
KXTRUMPMENTION-25DEC31,KXTRUMPMENTION-25DEC31-NATI,480cbda2-2b19-414c-bb3e-b3e647008edb,1,47,53,yes,2025-06-13T18:14:58.296688Z,0.47
KXTRUMPMENTION-25DEC31,KXTRUMPMENTION-25DEC31-NATI,cf469d9a-2cd2-432d-bd87-58befa02de59,21,47,53,yes,2025-06-13T17:30:07.93857Z,9.87
KXTRUMPMENTION-25DEC31,KXTRUMPMENTION-25DEC31-NATI,2746204d-d48f-473a-bf6d-5327f70653b4,10,47,53,yes,2025-06-13T17:26:21.754279Z,4.7
KXTRUMPMENTION-25DEC31,KXTRUMPMENTION-25DEC31-NATI,3950ce6e-9bf3-4024-b260-e32683cc89ae,164,47,53,yes,2025-06-13T17:07:17.057893Z,77.08
KXTRUMPMENTION-25DEC31,KXTRUMPMENTION-25DEC31-NATI,422c5348-7adc-4844-8fc9-0c847f1e7dbc,102,47,53,yes,2025-06-13T16:50:44.72139Z,47.94
KXTRUMPMENTION-25DEC31,KXTRUMPMENTION-25DEC31-NATI,a295ed36-863e-4e87-9ab8-6ad2a1dfe39b,20,47,53,yes,2025-06-13T16:21:34.273856Z,9.4
KXTRUMPMENTION-25DEC31,KXTRUMPMENTION-25DEC31-NATI,48f5ac9f-eed5-467c-9f14-62f71874d8ec,40,48,52,yes,2025-06-13T15:26:52.941721Z,19.2
KXTRUMPMENTION-25DEC31,KXTRUMPMENTION-25DEC31-NATI,f7f86fe0-5d10-4a22-a386-c6f4e0461f14,6,48,52,yes,2025-06-13T14:50:37.041669Z,2.88
KXTRUMPMENTION-25DEC31,KXTRUMPMENTION-25DEC31-NATI,f01b034f-fdb5-4737-ab75-d3e15f51aff2,14,48,52,yes,2025-06-13T14:37:29.172473Z,6.72
KXTRUMPMENTION-25DEC31,KXTRUMPMENTION-25DEC31-NATI,1cdd9dc8-97f9-4882-bd20-999e1cf1180e,4,47,53,yes,2025-06-13T14:37:29.172473Z,1.88
KXTRUMPMENTION-25DEC31,KXTRUMPMENTION-25DEC31-NATI,12cc7b6b-16e2-404c-af9e-eec014a435e1,89,44,56,yes,2025-06-13T14:37:29.172473Z,39.16
KXTRUMPMENTION-25DEC31,KXTRUMPMENTION-25DEC31-NATI,f679f35f-cf22-40a3-831a-039b035925d8,109,44,56,yes,2025-06-13T14:34:48.611558Z,47.96
KXTRUMPMENTION-25DEC31,KXTRUMPMENTION-25DEC31-NATI,bdb049ba-b5a9-4e19-9297-31a8fe10fe49,2,44,56,yes,2025-06-13T14:24:11.338175Z,0.88
KXTRUMPMENTION-25DEC31,KXTRUMPMENTION-25DEC31-NATI,5df8f4b1-7cfb-407d-ae84-7c463d6f24d3,4,44,56,yes,2025-06-13T14:24:11.338175Z,1.76
KXTRUMPMENTION-25DEC31,KXTRUMPMENTION-25DEC31-NATI,91fc55e0-c94e-4b80-bf1a-3e3fe10cdabe,32,44,56,yes,2025-06-13T12:59:02.416499Z,14.08
KXTRUMPMENTION-25DEC31,KXTRUMPMENTION-25DEC31-NATI,6e577586-b8d2-4749-8a29-e349008f2249,2,44,56,yes,2025-06-13T12:56:36.786765Z,0.88
KXTRUMPMENTION-25DEC31,KXTRUMPMENTION-25DEC31-NATI,ba6eded5-1983-47ab-a0e5-1b27642787ad,67,43,57,yes,2025-06-13T12:03:20.182901Z,28.81
KXTRUMPMENTION-25DEC31,KXTRUMPMENTION-25DEC31-NATI,44c7c26d-f780-4365-b7e7-3a68505b14d4,9,44,56,yes,2025-06-13T12:03:20.182901Z,3.96
KXTRUMPMENTION-25DEC31,KXTRUMPMENTION-25DEC31-NATI,8373e63c-3b45-4551-8c24-99fb91efee13,3,43,57,yes,2025-06-13T06:35:57.107251Z,1.29
KXTRUMPMENTION-25DEC31,KXTRUMPMENTION-25DEC31-NATI,3cd271fc-acdc-4676-a79f-4883b4899ffb,20,43,57,yes,2025-06-13T06:29:11.820119Z,8.6
KXTRUMPMENTION-25DEC31,KXTRUMPMENTION-25DEC31-NATI,a38deab4-0558-4ea7-8eaf-52ea6e268a23,17,42,58,yes,2025-06-13T05:59:24.498127Z,7.14
KXTRUMPMENTION-25DEC31,KXTRUMPMENTION-25DEC31-NATI,7bbc3b25-591f-4b8d-a6eb-18bc870e949e,10,42,58,yes,2025-06-13T05:59:24.498127Z,4.2
KXTRUMPMENTION-25DEC31,KXTRUMPMENTION-25DEC31-NATI,6ad55435-4247-4e9c-905d-58a772a44811,40,43,57,yes,2025-06-13T05:59:24.498127Z,17.2
KXTRUMPMENTION-25DEC31,KXTRUMPMENTION-25DEC31-NATI,259988f0-30d4-488c-b5cd-5771dae845ee,45,42,58,yes,2025-06-13T05:45:51.023437Z,18.9
KXTRUMPMENTION-25DEC31,KXTRUMPMENTION-25DEC31-NATI,aab5958f-ab2a-4eb2-af08-eb0863f393a7,13,42,58,yes,2025-06-13T05:17:42.824084Z,5.46
KXTRUMPMENTION-25DEC31,KXTRUMPMENTION-25DEC31-NATI,e98eaaef-4f88-4522-adcd-b7b575b5ece2,25,43,57,yes,2025-06-13T04:11:45.912799Z,10.75
KXTRUMPMENTION-25DEC31,KXTRUMPMENTION-25DEC31-NATI,2177b343-93dd-4b7e-ba8f-7203bb086ea3,102,43,57,yes,2025-06-13T03:58:45.281136Z,43.86
KXTRUMPMENTION-25DEC31,KXTRUMPMENTION-25DEC31-NATI,70bc0cab-a470-487c-8ab7-037c0a0e2bfd,69,42,58,yes,2025-06-13T03:56:37.327004Z,28.98
KXTRUMPMENTION-25DEC31,KXTRUMPMENTION-25DEC31-NATI,6f5a6d5b-a4e0-44d7-ad72-462938a7d279,44,43,57,yes,2025-06-13T03:56:37.327004Z,18.92
KXTRUMPMENTION-25DEC31,KXTRUMPMENTION-25DEC31-NATI,c2ddd0c7-87af-4e9b-bfdc-5db1437e9c66,5,42,58,yes,2025-06-13T03:55:56.813005Z,2.1
KXTRUMPMENTION-25DEC31,KXTRUMPMENTION-25DEC31-NATI,8136ec6c-2c0a-4afd-a421-ccc0f22c9be7,6,42,58,yes,2025-06-13T03:55:56.813005Z,2.52
KXTRUMPMENTION-25DEC31,KXTRUMPMENTION-25DEC31-NATI,d6dd4b5c-140c-44bd-8476-0ce31cf43422,22,42,58,yes,2025-06-13T03:42:29.799119Z,9.24
KXTRUMPMENTION-25DEC31,KXTRUMPMENTION-25DEC31-NATI,3f62ffa5-09e2-44c3-918b-371dd5b6d7b9,114,42,58,yes,2025-06-13T03:23:01.405505Z,47.88
KXTRUMPMENTION-25DEC31,KXTRUMPMENTION-25DEC31-NATI,99d1d8ac-c999-4f15-b2e5-c84c93d5c4af,20,42,58,yes,2025-06-13T03:21:15.097347Z,8.4
KXTRUMPMENTION-25DEC31,KXTRUMPMENTION-25DEC31-NATI,92692a02-667f-4a38-b198-55904d039d00,2,42,58,yes,2025-06-13T02:59:12.215268Z,0.84
KXTRUMPMENTION-25DEC31,KXTRUMPMENTION-25DEC31-NATI,c6b1e0ce-08a6-47f6-8b08-2285edb03d3e,4,42,58,yes,2025-06-13T02:58:07.833662Z,1.68
KXTRUMPMENTION-25DEC31,KXTRUMPMENTION-25DEC31-NATI,f04caf9c-fbe1-40fc-8321-97632b0aaabd,22,42,58,yes,2025-06-13T02:30:16.299785Z,9.24
KXTRUMPMENTION-25DEC31,KXTRUMPMENTION-25DEC31-NATI,9c08d103-3223-4bdd-8151-42709b837f9a,11,42,58,yes,2025-06-13T02:11:11.484165Z,4.62
KXTRUMPMENTION-25DEC31,KXTRUMPMENTION-25DEC31-NATI,0a8b6f36-e7c6-494f-aa53-001147482734,22,43,57,yes,2025-06-13T01:13:58.1335Z,9.46
KXTRUMPMENTION-25DEC31,KXTRUMPMENTION-25DEC31-NATI,a622d7a1-4e67-4942-862a-5fe2b402a6d0,5,43,57,yes,2025-06-13T00:43:02.243866Z,2.15
KXTRUMPMENTION-25DEC31,KXTRUMPMENTION-25DEC31-NATI,0bdbbfa1-6d3f-4645-be2b-4702f480b82d,22,43,57,yes,2025-06-13T00:27:06.659029Z,9.46
KXTRUMPMENTION-25DEC31,KXTRUMPMENTION-25DEC31-NATI,97ad2f0b-0a39-4a92-9cb1-3d3e73a7b071,5,44,56,yes,2025-06-13T00:23:35.156556Z,2.2
KXTRUMPMENTION-25DEC31,KXTRUMPMENTION-25DEC31-NATI,ecbebeb3-67b8-46c7-a3b3-43c6dd7e8727,5,44,56,yes,2025-06-13T00:05:21.549999Z,2.2
KXTRUMPMENTION-25DEC31,KXTRUMPMENTION-25DEC31-NATI,4460f6c5-c38f-41f5-851e-ad43067b5794,43,44,56,yes,2025-06-12T23:34:43.280667Z,18.92
KXTRUMPMENTION-25DEC31,KXTRUMPMENTION-25DEC31-NATI,499b9cc3-fce3-4372-94a6-0f6d377097c5,81,44,56,yes,2025-06-12T23:07:41.26541Z,35.64
KXTRUMPMENTION-25DEC31,KXTRUMPMENTION-25DEC31-NATI,161752b3-f71c-4027-97fc-922606ea392b,8,43,57,yes,2025-06-12T23:07:41.26541Z,3.44
KXTRUMPMENTION-25DEC31,KXTRUMPMENTION-25DEC31-NATI,ab378f19-bb56-479f-b6dc-ae287f3e5d4b,2,42,58,yes,2025-06-12T23:06:43.801099Z,0.84
KXTRUMPMENTION-25DEC31,KXTRUMPMENTION-25DEC31-NATI,45eea6a9-5362-4e26-8e77-c2271d201c58,19,44,56,yes,2025-06-12T23:06:43.801099Z,8.36
KXTRUMPMENTION-25DEC31,KXTRUMPMENTION-25DEC31-NATI,f36e313c-6280-4df9-9627-afc55d153831,55,39,61,yes,2025-06-12T20:41:50.352773Z,21.45
KXTRUMPMENTION-25DEC31,KXTRUMPMENTION-25DEC31-NATI,cebc2669-5d24-4455-8f9a-14d26862e6be,12,39,61,yes,2025-06-12T20:41:50.352773Z,4.68
KXTRUMPMENTION-25DEC31,KXTRUMPMENTION-25DEC31-NATI,633cd572-8187-4c08-8aa2-9655c0dae3b2,48,43,57,yes,2025-06-12T20:41:50.352773Z,20.64
KXTRUMPMENTION-25DEC31,KXTRUMPMENTION-25DEC31-NATI,030d26f0-851d-4348-96dd-22d7ca876f94,120,41,59,yes,2025-06-12T20:41:50.352773Z,49.2
KXTRUMPMENTION-25DEC31,KXTRUMPMENTION-25DEC31-NATI,9d337405-0996-4710-a1ff-8da8633bd22f,94,39,61,yes,2025-06-12T20:15:22.987789Z,36.66
KXTRUMPMENTION-25DEC31,KXTRUMPMENTION-25DEC31-NATI,5bece9a2-f0b6-4de3-8e5b-8b2744a63f9e,29,38,62,yes,2025-06-12T20:15:22.987789Z,11.02
KXTRUMPMENTION-25DEC31,KXTRUMPMENTION-25DEC31-NATI,a17ac93b-e000-4154-8435-8ada0920f096,12,39,61,yes,2025-06-12T19:53:15.096133Z,4.68
KXTRUMPMENTION-25DEC31,KXTRUMPMENTION-25DEC31-NATI,8defdd16-7a7c-4d0e-9380-b9e7edb8a2e0,20,35,65,yes,2025-06-12T19:20:42.761725Z,7.0
KXTRUMPMENTION-25DEC31,KXTRUMPMENTION-25DEC31-NATI,6d51addc-537b-4e88-b6a7-6c30e4b80a80,20,37,63,yes,2025-06-12T19:20:42.761725Z,7.4
KXTRUMPMENTION-25DEC31,KXTRUMPMENTION-25DEC31-NATI,4211bba0-ab33-4331-93c2-aa4b0ceedc6c,4,33,67,yes,2025-06-12T19:20:42.761725Z,1.32
KXTRUMPMENTION-25DEC31,KXTRUMPMENTION-25DEC31-NATI,1905304d-54e7-4dbf-b3b2-c8cfee82ff87,82,39,61,yes,2025-06-12T19:20:42.761725Z,31.98
KXTRUMPMENTION-25DEC31,KXTRUMPMENTION-25DEC31-NATI,d7d49c60-742a-4d75-9591-424d11630eed,12,34,66,yes,2025-06-12T19:04:48.70186Z,4.08
KXTRUMPMENTION-25DEC31,KXTRUMPMENTION-25DEC31-NATI,969c2ab8-3b01-4e90-b1c1-c5c2144298fb,16,32,68,yes,2025-06-12T19:04:48.70186Z,5.12
KXTRUMPMENTION-25DEC31,KXTRUMPMENTION-25DEC31-NATI,c263d4cc-cde2-4a57-90fa-cded0413f1d5,4,31,69,yes,2025-06-12T18:52:35.10252Z,1.24
KXTRUMPMENTION-25DEC31,KXTRUMPMENTION-25DEC31-NATI,3d318382-df67-4215-a880-b58b3efdcae1,4,33,67,yes,2025-06-12T18:52:35.10252Z,1.32
KXTRUMPMENTION-25DEC31,KXTRUMPMENTION-25DEC31-NATI,ff433479-f92f-440e-906b-7a90f97189a2,14,30,70,yes,2025-06-12T18:41:30.465315Z,4.2
KXTRUMPMENTION-25DEC31,KXTRUMPMENTION-25DEC31-NATI,4cf80af4-7076-4763-8f0e-70e0e6a65bc9,16,32,68,yes,2025-06-12T18:41:30.465315Z,5.12
KXTRUMPMENTION-25DEC31,KXTRUMPMENTION-25DEC31-NATI,fc2cbd24-40e5-4006-93f3-f5c3c3302f0a,6,31,69,yes,2025-06-12T18:21:15.765124Z,1.86
KXTRUMPMENTION-25DEC31,KXTRUMPMENTION-25DEC31-NATI,c93a198f-ea7a-4ad9-bc98-1b36e5aa7f46,8,49,51,yes,2025-06-12T17:48:55.763216Z,3.92
KXTRUMPMENTION-25DEC31,KXTRUMPMENTION-25DEC31-NATI,f4ab1cc7-c375-4a07-a451-9dd179a2fcc5,10,25,75,yes,2025-06-12T17:38:45.164507Z,2.5
KXTRUMPMENTION-25DEC31,KXTRUMPMENTION-25DEC31-NATI,9424836c-88c3-4672-87f5-98522880d8e4,36,29,71,yes,2025-06-12T17:38:45.164507Z,10.44
KXTRUMPMENTION-25DEC31,KXTRUMPMENTION-25DEC31-NATI,2720cfca-78e8-4e36-bb13-99ac3afb3800,40,27,73,yes,2025-06-12T17:38:45.164507Z,10.8
KXTRUMPMENTION-25DEC31,KXTRUMPMENTION-25DEC31-NUC,eac58415-d1a1-443f-b9e5-83a4763f9979,16,71,29,no,2025-06-14T12:57:28.329229Z,11.36
KXTRUMPMENTION-25DEC31,KXTRUMPMENTION-25DEC31-NUC,c3556735-36fa-4d13-95bd-e725aa1732d2,4,73,27,yes,2025-06-14T12:50:51.814068Z,2.92
KXTRUMPMENTION-25DEC31,KXTRUMPMENTION-25DEC31-NUC,3ca64e99-47a7-47fe-9ac9-30934e8ec081,25,71,29,yes,2025-06-14T12:40:29.133689Z,17.75
KXTRUMPMENTION-25DEC31,KXTRUMPMENTION-25DEC31-NUC,0667ef2d-17c7-41ac-a7ec-130d4e4e4649,67,68,32,yes,2025-06-14T12:27:56.166406Z,45.56
KXTRUMPMENTION-25DEC31,KXTRUMPMENTION-25DEC31-NUC,cf7b3a55-8deb-43ef-94b9-570c10cb7401,28,68,32,yes,2025-06-14T12:21:28.083426Z,19.04
KXTRUMPMENTION-25DEC31,KXTRUMPMENTION-25DEC31-NUC,582932ec-3aee-4658-bee9-eaaaddcb430f,8,58,42,no,2025-06-14T06:46:29.136453Z,4.64
KXTRUMPMENTION-25DEC31,KXTRUMPMENTION-25DEC31-NUC,3eab3424-a237-4e6f-9e43-666c7a37adff,22,57,43,no,2025-06-14T06:46:29.136453Z,12.54
KXTRUMPMENTION-25DEC31,KXTRUMPMENTION-25DEC31-NUC,da96d7ea-e909-4896-a63e-c70af32708e7,7,57,43,no,2025-06-14T06:07:48.621748Z,3.99
KXTRUMPMENTION-25DEC31,KXTRUMPMENTION-25DEC31-NUC,c52ac4ab-3494-431d-a90b-0b7233a4131d,5,61,39,no,2025-06-14T06:07:48.621748Z,3.05
KXTRUMPMENTION-25DEC31,KXTRUMPMENTION-25DEC31-NUC,af3016b5-7506-4eb9-8482-9555774412fc,20,59,41,no,2025-06-14T06:07:48.621748Z,11.8
KXTRUMPMENTION-25DEC31,KXTRUMPMENTION-25DEC31-NUC,8722f252-ec29-4f93-9289-38284c6fec72,14,58,42,no,2025-06-14T06:07:48.621748Z,8.12
KXTRUMPMENTION-25DEC31,KXTRUMPMENTION-25DEC31-NUC,2460cee9-81d4-4254-b62b-c8b3f4742336,8,67,33,yes,2025-06-14T05:36:48.4421Z,5.36
KXTRUMPMENTION-25DEC31,KXTRUMPMENTION-25DEC31-NUC,26d2c0bf-23ad-420d-b445-3d3c3f7eedb4,14,67,33,yes,2025-06-14T05:05:00.661749Z,9.38
KXTRUMPMENTION-25DEC31,KXTRUMPMENTION-25DEC31-NUC,e30daf0d-f3e6-429f-b0ec-154fd5f678a6,4,65,35,yes,2025-06-14T03:07:35.820134Z,2.6
KXTRUMPMENTION-25DEC31,KXTRUMPMENTION-25DEC31-NUC,6ba10a24-b798-466b-b19b-d3a8ef848d6f,2,67,33,yes,2025-06-14T03:07:35.820134Z,1.34
KXTRUMPMENTION-25DEC31,KXTRUMPMENTION-25DEC31-NUC,429a06ef-976a-4ddf-900d-34cf7847a9e4,4,58,42,yes,2025-06-14T03:07:35.820134Z,2.32
KXTRUMPMENTION-25DEC31,KXTRUMPMENTION-25DEC31-NUC,0de86ab6-236a-4429-9ac0-8c8e69fb68a9,5,68,32,yes,2025-06-14T03:07:35.820134Z,3.4
KXTRUMPMENTION-25DEC31,KXTRUMPMENTION-25DEC31-NUC,2f42e512-41b5-4ed3-8883-6aa5a22d3fba,3,58,42,yes,2025-06-14T01:37:38.653817Z,1.74
KXTRUMPMENTION-25DEC31,KXTRUMPMENTION-25DEC31-NUC,c91cb331-f6d4-4aba-835a-b76bdc831ddc,16,58,42,yes,2025-06-14T00:49:04.123039Z,9.28
KXTRUMPMENTION-25DEC31,KXTRUMPMENTION-25DEC31-NUC,78de38a0-cb6d-4aa8-b236-055d42153e91,25,58,42,yes,2025-06-14T00:47:18.027107Z,14.5
KXTRUMPMENTION-25DEC31,KXTRUMPMENTION-25DEC31-NUC,f96658ee-67a5-4410-a690-9f5ddc551651,4,58,42,yes,2025-06-14T00:42:35.855138Z,2.32
KXTRUMPMENTION-25DEC31,KXTRUMPMENTION-25DEC31-NUC,9005a322-ed0d-41e8-84c8-6630874b3e1d,5,58,42,yes,2025-06-14T00:35:39.607465Z,2.9
KXTRUMPMENTION-25DEC31,KXTRUMPMENTION-25DEC31-NUC,c61b13a5-7985-4c09-9254-e28cdaf184b3,60,58,42,yes,2025-06-14T00:29:16.252096Z,34.8
KXTRUMPMENTION-25DEC31,KXTRUMPMENTION-25DEC31-NUC,f1c624f4-45dc-496a-bcdc-113978c78fcb,30,58,42,yes,2025-06-14T00:25:48.186256Z,17.4
KXTRUMPMENTION-25DEC31,KXTRUMPMENTION-25DEC31-NUC,1cc1e0c9-8da6-4d8b-8caf-62bb17ba9151,33,58,42,yes,2025-06-14T00:09:16.462834Z,19.14
KXTRUMPMENTION-25DEC31,KXTRUMPMENTION-25DEC31-NUC,caadb3b9-8719-4ea0-a380-60dfb459ff04,23,59,41,yes,2025-06-13T23:04:24.234504Z,13.57
KXTRUMPMENTION-25DEC31,KXTRUMPMENTION-25DEC31-NUC,dd6d1076-fee5-4fa0-b837-71ec28c2e0af,11,60,40,yes,2025-06-13T23:00:47.196657Z,6.6
KXTRUMPMENTION-25DEC31,KXTRUMPMENTION-25DEC31-NUC,2f56acb4-2c67-4ad5-83c2-30ba9fb34b1e,14,58,42,yes,2025-06-13T23:00:47.196657Z,8.12
KXTRUMPMENTION-25DEC31,KXTRUMPMENTION-25DEC31-NUC,00731dd6-0b71-4527-a517-38f88518dd67,16,57,43,yes,2025-06-13T23:00:47.196657Z,9.12
KXTRUMPMENTION-25DEC31,KXTRUMPMENTION-25DEC31-NUC,dfd5ea1c-86f1-4502-8770-1593b9dcd499,5,57,43,yes,2025-06-13T22:57:07.572271Z,2.85
KXTRUMPMENTION-25DEC31,KXTRUMPMENTION-25DEC31-NUC,e911b4be-012d-41e7-b7d4-19298c1c813a,5,57,43,yes,2025-06-13T22:46:51.012306Z,2.85
KXTRUMPMENTION-25DEC31,KXTRUMPMENTION-25DEC31-NUC,f8da5e1c-28bc-4831-8a90-67a3ddedf6d4,10,55,45,no,2025-06-13T22:18:16.830734Z,5.5
KXTRUMPMENTION-25DEC31,KXTRUMPMENTION-25DEC31-NUC,beeb04b6-7653-4491-b5c6-59c821758be5,5,56,44,no,2025-06-13T22:18:16.830734Z,2.8
KXTRUMPMENTION-25DEC31,KXTRUMPMENTION-25DEC31-NUC,ab2a21af-812f-4ee8-b9a5-b90af26e4b3f,25,51,49,no,2025-06-13T22:18:16.830734Z,12.75
KXTRUMPMENTION-25DEC31,KXTRUMPMENTION-25DEC31-NUC,aa51a69f-8c21-4fbe-95a8-06850732704a,120,50,50,no,2025-06-13T22:18:16.830734Z,60.0
KXTRUMPMENTION-25DEC31,KXTRUMPMENTION-25DEC31-NUC,242f2673-0125-4446-b701-a6d3888ca4c4,15,53,47,no,2025-06-13T22:18:16.830734Z,7.95
KXTRUMPMENTION-25DEC31,KXTRUMPMENTION-25DEC31-NUC,085376f5-b6d9-46c5-bb7d-79c0f3002d2d,8,57,43,yes,2025-06-13T22:02:29.480544Z,4.56
KXTRUMPMENTION-25DEC31,KXTRUMPMENTION-25DEC31-NUC,996be5d0-4d91-48ef-9325-c7f4200a33c3,17,57,43,yes,2025-06-13T21:57:44.062018Z,9.69
KXTRUMPMENTION-25DEC31,KXTRUMPMENTION-25DEC31-NUC,6b2f4d8e-f346-4309-8b3f-01ccfa0f0a38,165,57,43,yes,2025-06-13T21:42:28.48762Z,94.05
KXTRUMPMENTION-25DEC31,KXTRUMPMENTION-25DEC31-NUC,197a1cdf-e95c-4448-bcc9-b3b39d993c07,34,57,43,yes,2025-06-13T21:36:09.953774Z,19.38
KXTRUMPMENTION-25DEC31,KXTRUMPMENTION-25DEC31-NUC,4b29cded-0bb0-4fef-8e97-bfdfede14b72,19,50,50,no,2025-06-13T20:30:33.445636Z,9.5
KXTRUMPMENTION-25DEC31,KXTRUMPMENTION-25DEC31-NUC,074c55c0-3cb2-4d9a-92db-e03671c66ec5,9,50,50,no,2025-06-13T19:47:53.931567Z,4.5
KXTRUMPMENTION-25DEC31,KXTRUMPMENTION-25DEC31-NUC,57d255f6-f45b-467d-b974-dd045c5a6776,1,58,42,yes,2025-06-13T19:17:49.810143Z,0.58
KXTRUMPMENTION-25DEC31,KXTRUMPMENTION-25DEC31-NUC,8328a8c5-d868-489d-9d79-0a3e43a058e8,20,58,42,yes,2025-06-13T19:06:53.252583Z,11.6
KXTRUMPMENTION-25DEC31,KXTRUMPMENTION-25DEC31-NUC,761dec87-2870-480d-8e67-e23aa98c85d7,13,57,43,yes,2025-06-13T19:06:53.252583Z,7.41
KXTRUMPMENTION-25DEC31,KXTRUMPMENTION-25DEC31-NUC,0a54f9c3-988d-4e2a-b442-a3e03a67ff20,167,58,42,yes,2025-06-13T18:56:01.44195Z,96.86
KXTRUMPMENTION-25DEC31,KXTRUMPMENTION-25DEC31-NUC,77820ed2-2d46-4920-8148-60f0789eb680,5,48,52,no,2025-06-13T18:47:54.353238Z,2.4
KXTRUMPMENTION-25DEC31,KXTRUMPMENTION-25DEC31-NUC,a582c347-5b97-441e-b05d-985b712172ce,141,57,43,yes,2025-06-13T18:36:46.346936Z,80.37
KXTRUMPMENTION-25DEC31,KXTRUMPMENTION-25DEC31-NUC,6db2b75c-f018-4f97-8b8e-463657407e8b,14,59,41,yes,2025-06-13T18:36:46.346936Z,8.26
KXTRUMPMENTION-25DEC31,KXTRUMPMENTION-25DEC31-NUC,5258b54c-1a5f-46aa-9f16-f264e03a0918,15,56,44,yes,2025-06-13T18:36:46.346936Z,8.4
KXTRUMPMENTION-25DEC31,KXTRUMPMENTION-25DEC31-NUC,61e3f794-da0f-41e5-9e10-8efc18c53aa3,8,57,43,yes,2025-06-13T18:30:30.047277Z,4.56
KXTRUMPMENTION-25DEC31,KXTRUMPMENTION-25DEC31-NUC,5f1fc70d-519a-4eea-8186-fc514729aba9,100,60,40,no,2025-06-13T18:28:44.206453Z,60.0
KXTRUMPMENTION-25DEC31,KXTRUMPMENTION-25DEC31-NUC,ecb05e4a-918e-429b-8430-35d08c32b16f,7,56,44,yes,2025-06-13T18:28:36.849658Z,3.92
KXTRUMPMENTION-25DEC31,KXTRUMPMENTION-25DEC31-NUC,7adfba27-7aff-429c-993a-684ffe4240e3,92,56,44,yes,2025-06-13T18:28:36.849658Z,51.52
KXTRUMPMENTION-25DEC31,KXTRUMPMENTION-25DEC31-NUC,19571fc8-bb15-452b-b594-9bc5744cb1aa,1,58,42,yes,2025-06-13T18:28:36.849658Z,0.58
KXTRUMPMENTION-25DEC31,KXTRUMPMENTION-25DEC31-NUC,583bb313-078b-40b4-a60d-2437ef0bb4f7,90,56,44,yes,2025-06-13T18:28:36.449534Z,50.4
KXTRUMPMENTION-25DEC31,KXTRUMPMENTION-25DEC31-NUC,b420f9d0-3092-4e7c-b6b2-aa46bca54d8c,5,57,43,yes,2025-06-13T18:25:26.508127Z,2.85
KXTRUMPMENTION-25DEC31,KXTRUMPMENTION-25DEC31-NUC,d7c2c672-fa3c-406f-ac3a-6b683b976f60,7,52,48,yes,2025-06-13T18:23:16.697113Z,3.64
KXTRUMPMENTION-25DEC31,KXTRUMPMENTION-25DEC31-NUC,6a98fb7b-1265-40f1-b017-ce6f26254631,120,53,47,yes,2025-06-13T18:23:16.697113Z,63.6
KXTRUMPMENTION-25DEC31,KXTRUMPMENTION-25DEC31-NUC,490225a7-7149-401a-904d-f454594f982d,120,55,45,yes,2025-06-13T18:23:16.697113Z,66.0
KXTRUMPMENTION-25DEC31,KXTRUMPMENTION-25DEC31-NUC,dd289fe6-c9dc-4993-9377-550d611849d9,3,52,48,yes,2025-06-13T17:41:06.732673Z,1.56
KXTRUMPMENTION-25DEC31,KXTRUMPMENTION-25DEC31-NUC,7d46af3f-f91a-4bfa-a498-0f3328d67d48,4,51,49,yes,2025-06-13T16:28:51.442738Z,2.04
KXTRUMPMENTION-25DEC31,KXTRUMPMENTION-25DEC31-NUC,0866e1b8-2dfd-42b7-9754-905e8583257a,1,51,49,yes,2025-06-13T16:28:51.442738Z,0.51
KXTRUMPMENTION-25DEC31,KXTRUMPMENTION-25DEC31-NUC,dfc4c38c-3b99-4168-8589-a7f49d119422,18,51,49,yes,2025-06-13T15:02:41.335764Z,9.18
KXTRUMPMENTION-25DEC31,KXTRUMPMENTION-25DEC31-NUC,c0fdab74-3acb-41e3-a1f8-a0e507d5a5e6,36,52,48,yes,2025-06-13T14:45:52.05455Z,18.72
KXTRUMPMENTION-25DEC31,KXTRUMPMENTION-25DEC31-NUC,a613e39c-2869-4002-9d10-588903564729,9,50,50,yes,2025-06-13T14:45:52.05455Z,4.5
KXTRUMPMENTION-25DEC31,KXTRUMPMENTION-25DEC31-NUC,51605875-d3d8-41f3-a2e2-165b949fdbc2,7,49,51,yes,2025-06-13T14:45:52.05455Z,3.43
KXTRUMPMENTION-25DEC31,KXTRUMPMENTION-25DEC31-NUC,3b241173-1e02-4a29-bd56-240553b202be,10,50,50,yes,2025-06-13T14:45:52.05455Z,5.0
KXTRUMPMENTION-25DEC31,KXTRUMPMENTION-25DEC31-NUC,6fade273-6909-4884-9027-dd87d59f2640,7,42,58,no,2025-06-13T13:31:01.604508Z,2.94
KXTRUMPMENTION-25DEC31,KXTRUMPMENTION-25DEC31-NUC,8f346e66-7e67-4391-9f5c-07c912580fef,38,50,50,yes,2025-06-13T12:59:24.610369Z,19.0
KXTRUMPMENTION-25DEC31,KXTRUMPMENTION-25DEC31-NUC,dea127ef-4080-420c-9820-c1d10c635644,13,51,49,yes,2025-06-13T12:07:05.077043Z,6.63
KXTRUMPMENTION-25DEC31,KXTRUMPMENTION-25DEC31-NUC,748f443f-1cfd-4999-8a01-fb10c33268a5,6,49,51,yes,2025-06-13T12:07:05.077043Z,2.94
KXTRUMPMENTION-25DEC31,KXTRUMPMENTION-25DEC31-NUC,f8ac9797-2ad1-4583-8c2d-6004584fa2ac,1,49,51,yes,2025-06-13T06:36:46.541948Z,0.49
KXTRUMPMENTION-25DEC31,KXTRUMPMENTION-25DEC31-NUC,6c671326-a2d5-4534-8930-7b08ec2d49b2,1,38,62,no,2025-06-13T06:25:20.806573Z,0.38
KXTRUMPMENTION-25DEC31,KXTRUMPMENTION-25DEC31-NUC,3c4f6d6f-f51d-4ed6-9f19-be3cacf76132,1,40,60,no,2025-06-13T06:25:20.806573Z,0.4
KXTRUMPMENTION-25DEC31,KXTRUMPMENTION-25DEC31-NUC,1f66f3fd-45a2-4aa4-b06b-6e35cb72c201,10,39,61,no,2025-06-13T06:25:20.806573Z,3.9
KXTRUMPMENTION-25DEC31,KXTRUMPMENTION-25DEC31-NUC,0d5ae937-4a1c-4ccd-8c2c-b9018bad605f,11,39,61,no,2025-06-13T06:25:20.806573Z,4.29
KXTRUMPMENTION-25DEC31,KXTRUMPMENTION-25DEC31-NUC,c1c98fb8-e396-4155-87da-2e052b0c84b6,1,50,50,yes,2025-06-13T06:13:43.115226Z,0.5
KXTRUMPMENTION-25DEC31,KXTRUMPMENTION-25DEC31-NUC,f47056ce-81cc-44ba-a7d2-0ec7ee59c906,3,40,60,no,2025-06-13T06:10:12.329475Z,1.2
KXTRUMPMENTION-25DEC31,KXTRUMPMENTION-25DEC31-NUC,d2898add-6786-4c74-9bca-56ef18037972,8,44,56,yes,2025-06-13T06:08:13.464052Z,3.52
KXTRUMPMENTION-25DEC31,KXTRUMPMENTION-25DEC31-NUC,95db8baf-775e-4f1e-b1ae-11892f57e1d4,20,48,52,yes,2025-06-13T06:08:13.464052Z,9.6
KXTRUMPMENTION-25DEC31,KXTRUMPMENTION-25DEC31-NUC,41a211a3-648b-4770-86d7-c523eeba698a,12,59,41,yes,2025-06-13T06:08:13.464052Z,7.08
KXTRUMPMENTION-25DEC31,KXTRUMPMENTION-25DEC31-NUC,1c5790da-a227-4f86-8e4f-ca1aadbbee8d,20,46,54,yes,2025-06-13T06:08:13.464052Z,9.2
KXTRUMPMENTION-25DEC31,KXTRUMPMENTION-25DEC31-NUC,1a054435-392e-425b-b103-8f8b8f447b7d,10,58,42,yes,2025-06-13T06:08:13.464052Z,5.8
KXTRUMPMENTION-25DEC31,KXTRUMPMENTION-25DEC31-NUC,ed91efc1-b091-4eb3-aa7c-454172096be0,46,43,57,no,2025-06-13T06:04:40.878173Z,19.78
KXTRUMPMENTION-25DEC31,KXTRUMPMENTION-25DEC31-NUC,4efa8150-8f30-45b7-9d99-3ec1b24fe1f0,4,43,57,yes,2025-06-13T05:55:52.511007Z,1.72
KXTRUMPMENTION-25DEC31,KXTRUMPMENTION-25DEC31-NUC,2af07b3f-4ce2-40c9-88d5-36bca9586687,10,38,62,no,2025-06-13T05:07:15.525805Z,3.8
KXTRUMPMENTION-25DEC31,KXTRUMPMENTION-25DEC31-NUC,129fbf4b-a3aa-4512-82f5-684c82313c7c,100,38,62,no,2025-06-13T05:07:15.525805Z,38.0
KXTRUMPMENTION-25DEC31,KXTRUMPMENTION-25DEC31-NUC,b20dd4ac-92ed-456c-9f5a-a6aca58164f6,95,43,57,yes,2025-06-13T04:30:38.717313Z,40.85
KXTRUMPMENTION-25DEC31,KXTRUMPMENTION-25DEC31-NUC,719e487e-f421-4ab2-a189-a3120c00914f,10,41,59,yes,2025-06-13T04:30:38.717313Z,4.1
KXTRUMPMENTION-25DEC31,KXTRUMPMENTION-25DEC31-NUC,3769bb33-4ecc-4cb7-84f1-a4e5e1ac1c40,15,41,59,yes,2025-06-13T04:30:38.717313Z,6.15
KXTRUMPMENTION-25DEC31,KXTRUMPMENTION-25DEC31-NUC,445d7353-a194-4bce-8ba1-44c028d64b39,11,41,59,yes,2025-06-13T03:59:23.644018Z,4.51
KXTRUMPMENTION-25DEC31,KXTRUMPMENTION-25DEC31-NUC,f6753453-a6c5-4a9b-9242-1b8edc58f5ec,32,45,55,yes,2025-06-13T02:50:57.288599Z,14.4
KXTRUMPMENTION-25DEC31,KXTRUMPMENTION-25DEC31-NUC,1ef93d14-2493-4b6e-a1a1-ef564d616d27,10,44,56,yes,2025-06-13T02:44:54.54466Z,4.4
KXTRUMPMENTION-25DEC31,KXTRUMPMENTION-25DEC31-NUC,c0f12d8d-3e31-4dde-afdd-f59c6c732679,190,44,56,yes,2025-06-13T02:44:02.413194Z,83.6
KXTRUMPMENTION-25DEC31,KXTRUMPMENTION-25DEC31-NUC,3a125dca-281d-40c4-9fbc-fe44ff0f7532,40,40,60,yes,2025-06-13T02:44:02.413194Z,16.0
KXTRUMPMENTION-25DEC31,KXTRUMPMENTION-25DEC31-NUC,1f884b92-2eca-4a81-8a2c-550cf383258d,106,39,61,yes,2025-06-13T02:44:02.413194Z,41.34
KXTRUMPMENTION-25DEC31,KXTRUMPMENTION-25DEC31-NUC,07ae4cb2-c507-44a2-8df7-9c42990b2b3f,12,39,61,yes,2025-06-13T01:08:53.981159Z,4.68
KXTRUMPMENTION-25DEC31,KXTRUMPMENTION-25DEC31-NUC,a99c5032-f4b9-426c-b42f-154351f2baab,49,39,61,yes,2025-06-12T23:42:43.819374Z,19.11
KXTRUMPMENTION-25DEC31,KXTRUMPMENTION-25DEC31-NUC,895f3256-0cda-47c6-997a-f5dd438d1867,7,39,61,yes,2025-06-12T22:24:47.883664Z,2.73
KXTRUMPMENTION-25DEC31,KXTRUMPMENTION-25DEC31-NUC,6c0d4904-713b-419a-8771-c48733deb455,26,39,61,yes,2025-06-12T21:16:16.228187Z,10.14
KXTRUMPMENTION-25DEC31,KXTRUMPMENTION-25DEC31-NUC,39d652ba-93cc-48f8-a593-c8d9b768cc11,11,38,62,yes,2025-06-12T21:16:16.228187Z,4.18
KXTRUMPMENTION-25DEC31,KXTRUMPMENTION-25DEC31-NUC,f6836b1f-a6a9-480a-979a-cef87346f74f,105,34,66,yes,2025-06-12T17:58:17.410526Z,35.7
KXTRUMPMENTION-25DEC31,KXTRUMPMENTION-25DEC31-NUC,8e34809d-3b68-44ab-b882-9045b35aaa6d,10,29,71,yes,2025-06-12T17:56:26.887505Z,2.9
KXTRUMPMENTION-25DEC31,KXTRUMPMENTION-25DEC31-NUC,3fb251f0-be2c-4874-90ac-69f4bbedd457,20,29,71,yes,2025-06-12T17:56:22.326941Z,5.8
KXTRUMPMENTION-25DEC31,KXTRUMPMENTION-25DEC31-NUC,2c3cc626-22a8-4a77-ad15-911ad57b2c08,20,29,71,yes,2025-06-12T17:56:15.564881Z,5.8
KXTRUMPMENTION-25DEC31,KXTRUMPMENTION-25DEC31-NUC,b546d94b-9a7d-48ef-b14b-2634818e935b,20,36,64,no,2025-06-12T17:56:08.430061Z,7.2
KXTRUMPMENTION-25DEC31,KXTRUMPMENTION-25DEC31-NUC,66f74468-01de-472b-9c05-63958d50ea28,20,34,66,no,2025-06-12T17:56:08.430061Z,6.8
KXTRUMPMENTION-25DEC31,KXTRUMPMENTION-25DEC31-NUC,18db17fb-8476-4360-b9c7-40482cb33525,5,38,62,no,2025-06-12T17:56:08.430061Z,1.9
KXTRUMPMENTION-25DEC31,KXTRUMPMENTION-25DEC31-NUC,eeeac005-1844-4fff-b1d9-634487f7ec69,20,34,66,yes,2025-06-12T16:06:54.666209Z,6.8
KXTRUMPMENTION-25DEC31,KXTRUMPMENTION-25DEC31-NUC,c8bf50a7-6f1b-496d-a53f-bd907855526b,5,64,36,yes,2025-06-12T16:06:54.666209Z,3.2
KXTRUMPMENTION-25DEC31,KXTRUMPMENTION-25DEC31-NUC,57d3d4ad-5450-419c-be44-42debddbfed1,20,55,45,yes,2025-06-12T16:06:54.666209Z,11.0
KXTRUMPMENTION-25DEC31,KXTRUMPMENTION-25DEC31-NUC,5355dc2f-1524-49d5-9f23-f90b6b3403b6,5,30,70,yes,2025-06-12T16:06:54.666209Z,1.5
KXTRUMPMENTION-25DEC31,KXTRUMPMENTION-25DEC31-NUC,3845bc36-8f19-44ef-a722-a2c52d25d7f2,20,45,55,yes,2025-06-12T16:06:54.666209Z,9.0
KXTRUMPMENTION-25DEC31,KXTRUMPMENTION-25DEC31-NUC,1cb503f5-a0a1-464d-8bc7-a9a2462f7835,20,32,68,yes,2025-06-12T16:06:54.666209Z,6.4
KXTRUMPMENTION-25DEC31,KXTRUMPMENTION-25DEC31-NEW,6a031324-68d3-4559-b13c-4ec61dafb428,16,43,57,yes,2025-06-14T12:34:22.074789Z,6.88
KXTRUMPMENTION-25DEC31,KXTRUMPMENTION-25DEC31-NEW,f0e7bdae-1e58-4cfe-99f0-68708283a377,13,42,58,yes,2025-06-14T12:29:11.932044Z,5.46
KXTRUMPMENTION-25DEC31,KXTRUMPMENTION-25DEC31-NEW,c3b04ecf-f338-4463-88c8-3c3d1978bcae,9,44,56,yes,2025-06-14T12:29:11.932044Z,3.96
KXTRUMPMENTION-25DEC31,KXTRUMPMENTION-25DEC31-NEW,d9c99630-d6e2-44d7-a9e6-d9f7e7a5e2f3,70,43,57,yes,2025-06-14T12:00:23.979182Z,30.1
KXTRUMPMENTION-25DEC31,KXTRUMPMENTION-25DEC31-NEW,d146e165-adb7-48aa-a6f7-a0278b7a16f8,120,40,60,yes,2025-06-14T12:00:23.979182Z,48.0
KXTRUMPMENTION-25DEC31,KXTRUMPMENTION-25DEC31-NEW,bc9f5dba-794d-4a90-83b9-6f0ad232a8d8,125,49,51,yes,2025-06-14T12:00:23.979182Z,61.25
KXTRUMPMENTION-25DEC31,KXTRUMPMENTION-25DEC31-NEW,8b190368-51e8-405d-8778-faa81da05c54,44,52,48,yes,2025-06-14T12:00:23.979182Z,22.88
KXTRUMPMENTION-25DEC31,KXTRUMPMENTION-25DEC31-NEW,8596a20f-c97e-4397-82ad-e4de54daf978,120,38,62,yes,2025-06-14T12:00:23.979182Z,45.6
KXTRUMPMENTION-25DEC31,KXTRUMPMENTION-25DEC31-NEW,4ee56d86-704d-4a67-8e8c-cf11735fe8cc,15,39,61,yes,2025-06-14T12:00:23.979182Z,5.85
KXTRUMPMENTION-25DEC31,KXTRUMPMENTION-25DEC31-NEW,2d746a1a-5a09-4ef1-8922-17341bc5ed08,193,42,58,yes,2025-06-14T12:00:23.979182Z,81.06
KXTRUMPMENTION-25DEC31,KXTRUMPMENTION-25DEC31-NEW,18931174-6b8c-40fc-a75d-e5ff613000fb,16,36,64,yes,2025-06-14T12:00:23.979182Z,5.76
KXTRUMPMENTION-25DEC31,KXTRUMPMENTION-25DEC31-NEW,0af713de-d11b-481e-9165-4df94a38506a,200,40,60,yes,2025-06-14T12:00:23.979182Z,80.0
KXTRUMPMENTION-25DEC31,KXTRUMPMENTION-25DEC31-NEW,cb7d6fb5-4828-4a76-af1a-a279ffa33698,5,36,64,yes,2025-06-14T06:57:33.763857Z,1.8
KXTRUMPMENTION-25DEC31,KXTRUMPMENTION-25DEC31-NEW,c368435e-d6cb-4fe3-abf8-73ce010561ef,3,34,66,yes,2025-06-14T06:57:33.763857Z,1.02
KXTRUMPMENTION-25DEC31,KXTRUMPMENTION-25DEC31-NEW,f8f63e31-7653-477b-9af1-db91dad8145b,18,26,74,no,2025-06-14T06:48:59.008654Z,4.68
KXTRUMPMENTION-25DEC31,KXTRUMPMENTION-25DEC31-NEW,49c838e5-b1d1-4dcf-a688-2b7bbb123154,2,28,72,no,2025-06-14T06:48:59.008654Z,0.56
KXTRUMPMENTION-25DEC31,KXTRUMPMENTION-25DEC31-NEW,60b9bbd1-6c3f-41a6-bf74-be155fc6d626,2,38,62,yes,2025-06-14T05:32:33.419853Z,0.76
KXTRUMPMENTION-25DEC31,KXTRUMPMENTION-25DEC31-NEW,2d2cdff4-c150-47a0-a10d-a671b09ad34e,3,27,73,no,2025-06-14T05:03:25.864257Z,0.81
KXTRUMPMENTION-25DEC31,KXTRUMPMENTION-25DEC31-NEW,16a165a4-04fa-4bf5-b6e8-a86a0aaf5c79,10,28,72,no,2025-06-14T05:03:25.864257Z,2.8
KXTRUMPMENTION-25DEC31,KXTRUMPMENTION-25DEC31-NEW,8ac725e9-3cc7-4f8e-a926-9d83cacd1f10,1,38,62,yes,2025-06-14T04:03:54.739534Z,0.38
KXTRUMPMENTION-25DEC31,KXTRUMPMENTION-25DEC31-NEW,412abd56-25e0-45da-b5c3-f71ec8918fa8,25,38,62,yes,2025-06-14T04:01:35.413412Z,9.5
KXTRUMPMENTION-25DEC31,KXTRUMPMENTION-25DEC31-NEW,d4cfb183-dd7d-4abc-a770-38bab3f8c861,3,38,62,yes,2025-06-14T03:50:31.281991Z,1.14
KXTRUMPMENTION-25DEC31,KXTRUMPMENTION-25DEC31-NEW,679e3abd-748b-4016-b38d-a6c3baba54e4,9,38,62,yes,2025-06-14T03:50:31.281991Z,3.42
KXTRUMPMENTION-25DEC31,KXTRUMPMENTION-25DEC31-NEW,b52db59d-9a04-4009-9522-963e51b7d581,25,36,64,yes,2025-06-14T03:45:56.193204Z,9.0
KXTRUMPMENTION-25DEC31,KXTRUMPMENTION-25DEC31-NEW,34eea8c4-6c1a-48f7-b438-af005079574e,1,38,62,yes,2025-06-14T03:45:56.193204Z,0.38
KXTRUMPMENTION-25DEC31,KXTRUMPMENTION-25DEC31-NEW,a84eaf91-8b98-4dfa-9c1f-e369caaf453b,25,36,64,yes,2025-06-14T03:12:36.352034Z,9.0
KXTRUMPMENTION-25DEC31,KXTRUMPMENTION-25DEC31-NEW,99cdcf68-ff6c-4d0a-aeda-667e8380dbec,3,35,65,yes,2025-06-14T03:12:36.352034Z,1.05
KXTRUMPMENTION-25DEC31,KXTRUMPMENTION-25DEC31-NEW,286552f2-28d1-495d-bead-0c9c3d2003b9,25,35,65,yes,2025-06-14T03:12:36.352034Z,8.75
KXTRUMPMENTION-25DEC31,KXTRUMPMENTION-25DEC31-NEW,9eb1ca6c-69d0-4664-8f54-f049237fe406,9,34,66,yes,2025-06-14T03:09:37.113386Z,3.06
KXTRUMPMENTION-25DEC31,KXTRUMPMENTION-25DEC31-NEW,87b0ac00-d12f-4c43-942b-2e6279b0dc40,28,34,66,yes,2025-06-14T03:09:37.113386Z,9.52
KXTRUMPMENTION-25DEC31,KXTRUMPMENTION-25DEC31-NEW,7f7957a4-368e-4fd0-a905-e9de71e72deb,9,33,67,yes,2025-06-14T03:09:37.113386Z,2.97
KXTRUMPMENTION-25DEC31,KXTRUMPMENTION-25DEC31-NEW,14063a4a-9d24-4f8d-9f2e-d055c6f4cf4d,10,34,66,yes,2025-06-14T03:09:37.113386Z,3.4
KXTRUMPMENTION-25DEC31,KXTRUMPMENTION-25DEC31-NEW,ef54a111-8f86-459b-bd8d-81cabf3bd9ff,14,33,67,yes,2025-06-14T03:09:09.76616Z,4.62
KXTRUMPMENTION-25DEC31,KXTRUMPMENTION-25DEC31-NEW,bc58e2ce-2c1b-41b7-9b81-b2873f0402cc,21,28,72,no,2025-06-14T02:14:59.962653Z,5.88
KXTRUMPMENTION-25DEC31,KXTRUMPMENTION-25DEC31-NEW,93a19831-b49d-4e93-b451-fae0708cac1b,23,28,72,no,2025-06-14T01:52:38.611193Z,6.44
KXTRUMPMENTION-25DEC31,KXTRUMPMENTION-25DEC31-NEW,3a13d6ff-3cdd-43ac-b831-2252587052a2,28,27,73,no,2025-06-14T01:52:38.611193Z,7.56
KXTRUMPMENTION-25DEC31,KXTRUMPMENTION-25DEC31-NEW,d4719c36-6264-476b-9be6-6114c540d384,21,38,62,yes,2025-06-14T01:50:40.017412Z,7.98
KXTRUMPMENTION-25DEC31,KXTRUMPMENTION-25DEC31-NEW,3df2c7fb-dd4a-4512-9fb9-3e565e0e331e,30,37,63,yes,2025-06-14T01:50:40.017412Z,11.1
KXTRUMPMENTION-25DEC31,KXTRUMPMENTION-25DEC31-NEW,a6882465-8381-4011-888e-19b872b6049d,6,29,71,no,2025-06-14T01:30:56.532557Z,1.74
KXTRUMPMENTION-25DEC31,KXTRUMPMENTION-25DEC31-NEW,6420174b-f45e-4686-a086-9c5993ac7ae1,69,29,71,no,2025-06-14T01:28:20.305556Z,20.01
KXTRUMPMENTION-25DEC31,KXTRUMPMENTION-25DEC31-NEW,7910e50f-6d6e-4a6f-8f22-fc48e36be8c7,5,37,63,yes,2025-06-14T01:07:04.891606Z,1.85
KXTRUMPMENTION-25DEC31,KXTRUMPMENTION-25DEC31-NEW,354f5e5c-46d6-49fe-bc86-04e924038096,20,37,63,yes,2025-06-14T01:07:04.891606Z,7.4
KXTRUMPMENTION-25DEC31,KXTRUMPMENTION-25DEC31-NEW,d25805bf-a494-4dfe-9c16-c60b127c1c49,56,29,71,no,2025-06-13T23:16:12.310385Z,16.24
KXTRUMPMENTION-25DEC31,KXTRUMPMENTION-25DEC31-NEW,4f00ada3-87cb-4113-aa56-87c56d82bab4,57,27,73,no,2025-06-13T23:16:12.310385Z,15.39
KXTRUMPMENTION-25DEC31,KXTRUMPMENTION-25DEC31-NEW,4061d9bb-7c3a-4096-84e4-a367d6cecb4a,20,28,72,no,2025-06-13T23:16:12.310385Z,5.6
KXTRUMPMENTION-25DEC31,KXTRUMPMENTION-25DEC31-NEW,f91c0c88-e022-4060-b7c6-2636c3c588ce,10,28,72,no,2025-06-13T22:39:54.814217Z,2.8
KXTRUMPMENTION-25DEC31,KXTRUMPMENTION-25DEC31-NEW,967e92cf-bd32-4ed7-af9d-f1f7e79bf66f,3,28,72,no,2025-06-13T22:39:54.814217Z,0.84
KXTRUMPMENTION-25DEC31,KXTRUMPMENTION-25DEC31-NEW,d54691c6-40df-4f2e-b04d-f44676df4cc8,248,30,70,no,2025-06-13T21:31:04.570835Z,74.4
KXTRUMPMENTION-25DEC31,KXTRUMPMENTION-25DEC31-NEW,54eff832-48bd-48d8-b907-1feb7d023808,35,31,69,no,2025-06-13T20:53:30.851001Z,10.85
KXTRUMPMENTION-25DEC31,KXTRUMPMENTION-25DEC31-NEW,80cb4e32-7c84-421d-8543-36a8266c53a2,11,31,69,no,2025-06-13T18:55:16.22175Z,3.41
KXTRUMPMENTION-25DEC31,KXTRUMPMENTION-25DEC31-NEW,5b6ad143-10ac-4dee-938c-cb61883a8061,12,31,69,no,2025-06-13T18:55:16.22175Z,3.72
KXTRUMPMENTION-25DEC31,KXTRUMPMENTION-25DEC31-NEW,ad4c9acc-0c05-4c75-b30c-86dba073a606,1,31,69,no,2025-06-13T18:55:02.474296Z,0.31
KXTRUMPMENTION-25DEC31,KXTRUMPMENTION-25DEC31-NEW,afbcdc2f-d287-4341-92b7-b567b223c311,1,31,69,no,2025-06-13T18:54:50.623863Z,0.31
KXTRUMPMENTION-25DEC31,KXTRUMPMENTION-25DEC31-NEW,bdc9680d-1a84-4420-8d9c-7bd510e4575b,1,40,60,yes,2025-06-13T18:14:46.340473Z,0.4
KXTRUMPMENTION-25DEC31,KXTRUMPMENTION-25DEC31-NEW,c86b7f40-4e0a-4ddc-934b-1684f04ae8c7,11,40,60,yes,2025-06-13T17:06:17.591399Z,4.4
KXTRUMPMENTION-25DEC31,KXTRUMPMENTION-25DEC31-NEW,ea94232b-ddb3-4feb-86dc-91997a971d63,9,39,61,yes,2025-06-13T16:50:25.890675Z,3.51
KXTRUMPMENTION-25DEC31,KXTRUMPMENTION-25DEC31-NEW,d8163833-3d4e-4521-b6e2-a999b80d4ab0,4,42,58,yes,2025-06-13T16:50:25.890675Z,1.68
KXTRUMPMENTION-25DEC31,KXTRUMPMENTION-25DEC31-NEW,d411dcd5-630e-4c3a-aad3-bb27d87833a3,40,40,60,yes,2025-06-13T16:50:25.890675Z,16.0
KXTRUMPMENTION-25DEC31,KXTRUMPMENTION-25DEC31-NEW,c35e8b29-4076-40b3-af50-240e5798728d,3,39,61,yes,2025-06-13T16:50:25.890675Z,1.17
KXTRUMPMENTION-25DEC31,KXTRUMPMENTION-25DEC31-NEW,c067d607-a409-4725-9a4a-15d37741ccea,16,40,60,yes,2025-06-13T16:50:25.890675Z,6.4
KXTRUMPMENTION-25DEC31,KXTRUMPMENTION-25DEC31-NEW,486b06f2-b7ce-4e1a-b124-706308a1b39b,10,33,67,yes,2025-06-13T16:50:25.890675Z,3.3
KXTRUMPMENTION-25DEC31,KXTRUMPMENTION-25DEC31-NEW,42a22771-5eea-49fe-b1d9-c2b399aaf10a,10,38,62,yes,2025-06-13T16:50:25.890675Z,3.8
KXTRUMPMENTION-25DEC31,KXTRUMPMENTION-25DEC31-NEW,34ef4822-2658-42cc-a9b0-ef1bfd222691,29,33,67,yes,2025-06-13T16:50:25.890675Z,9.57
KXTRUMPMENTION-25DEC31,KXTRUMPMENTION-25DEC31-NEW,1def7480-5e61-4365-b87f-f4553fc91c35,5,42,58,yes,2025-06-13T16:50:25.890675Z,2.1
KXTRUMPMENTION-25DEC31,KXTRUMPMENTION-25DEC31-NEW,12c60ea9-4205-4f70-ad56-04f0bf05bc4f,2,24,76,no,2025-06-13T15:45:19.526022Z,0.48
KXTRUMPMENTION-25DEC31,KXTRUMPMENTION-25DEC31-NEW,c973a0bd-27b1-4b31-af00-17c89b7f1c01,10,24,76,no,2025-06-13T15:40:40.16893Z,2.4
KXTRUMPMENTION-25DEC31,KXTRUMPMENTION-25DEC31-NEW,8def6bf3-841c-4736-9c68-c23ccedc4dbe,16,25,75,no,2025-06-13T15:40:40.16893Z,4.0
KXTRUMPMENTION-25DEC31,KXTRUMPMENTION-25DEC31-NEW,f3ad32cb-1832-419b-ae51-49814b2cd125,11,33,67,yes,2025-06-13T15:02:08.269566Z,3.63
KXTRUMPMENTION-25DEC31,KXTRUMPMENTION-25DEC31-NEW,bbb1d529-1113-4689-a438-e8ae9b808d67,12,25,75,no,2025-06-13T14:23:54.243937Z,3.0
KXTRUMPMENTION-25DEC31,KXTRUMPMENTION-25DEC31-NEW,01ea2801-a91f-4951-b265-9413726f9b64,16,35,65,no,2025-06-13T12:00:12.607643Z,5.6
KXTRUMPMENTION-25DEC31,KXTRUMPMENTION-25DEC31-NEW,52797432-5ce9-4beb-b865-6ee38f49f58c,12,38,62,yes,2025-06-13T06:28:06.766127Z,4.56
KXTRUMPMENTION-25DEC31,KXTRUMPMENTION-25DEC31-NEW,9a00d1fa-0057-41c2-b28a-80044f088245,20,37,63,yes,2025-06-13T06:01:49.208397Z,7.4
KXTRUMPMENTION-25DEC31,KXTRUMPMENTION-25DEC31-NEW,42559e0d-3c20-403a-a523-ba925d9f1d66,9,35,65,yes,2025-06-13T05:56:13.97273Z,3.15
KXTRUMPMENTION-25DEC31,KXTRUMPMENTION-25DEC31-NEW,734da887-c67d-4464-9503-72218cbf5f1f,10,35,65,yes,2025-06-13T05:23:49.113031Z,3.5
KXTRUMPMENTION-25DEC31,KXTRUMPMENTION-25DEC31-NEW,3ed375f8-d884-4cc6-a4c4-b92b7af87f77,10,35,65,yes,2025-06-13T05:23:46.767057Z,3.5
KXTRUMPMENTION-25DEC31,KXTRUMPMENTION-25DEC31-NEW,5ccda4da-2335-4d85-9e11-922e7dbcf7e6,1,34,66,yes,2025-06-13T05:23:04.299669Z,0.34
KXTRUMPMENTION-25DEC31,KXTRUMPMENTION-25DEC31-NEW,b1323d06-5017-406e-a1ac-1266d1e7de2b,27,34,66,yes,2025-06-13T04:58:55.680607Z,9.18
KXTRUMPMENTION-25DEC31,KXTRUMPMENTION-25DEC31-NEW,55625e25-05f2-45bf-a468-00805633724f,19,33,67,yes,2025-06-13T04:58:55.680607Z,6.27
KXTRUMPMENTION-25DEC31,KXTRUMPMENTION-25DEC31-NEW,50beb738-91cc-4077-b649-9df36b26e001,10,34,66,yes,2025-06-13T04:58:55.680607Z,3.4
KXTRUMPMENTION-25DEC31,KXTRUMPMENTION-25DEC31-NEW,7f66f357-b8bc-434e-b416-017ef05fccde,12,27,73,no,2025-06-13T03:32:56.250717Z,3.24
KXTRUMPMENTION-25DEC31,KXTRUMPMENTION-25DEC31-NEW,de159558-b764-4b20-bd2b-c68ea6627588,35,32,68,no,2025-06-13T03:32:28.750788Z,11.2
KXTRUMPMENTION-25DEC31,KXTRUMPMENTION-25DEC31-NEW,d502e9e5-a88c-4538-a2e4-1e79b899fa41,8,33,67,no,2025-06-13T03:32:28.750788Z,2.64
KXTRUMPMENTION-25DEC31,KXTRUMPMENTION-25DEC31-NEW,a3679e9c-c40b-46ef-b56a-43a9910ecb23,2,33,67,no,2025-06-13T03:32:28.750788Z,0.66
KXTRUMPMENTION-25DEC31,KXTRUMPMENTION-25DEC31-NEW,9bd412a5-24d8-4e6c-9529-0a4fa9c17017,40,31,69,no,2025-06-13T03:32:28.750788Z,12.4
KXTRUMPMENTION-25DEC31,KXTRUMPMENTION-25DEC31-NEW,279882f0-eafb-40e9-be45-752b675b0980,40,29,71,no,2025-06-13T03:32:28.750788Z,11.6
KXTRUMPMENTION-25DEC31,KXTRUMPMENTION-25DEC31-NEW,0afeb99c-9827-4f5a-97d6-d33613525fba,5,40,60,yes,2025-06-13T03:19:10.915215Z,2.0
KXTRUMPMENTION-25DEC31,KXTRUMPMENTION-25DEC31-NEW,f9d4ad57-8034-47bc-b7c6-2b7ff29204b6,30,43,57,yes,2025-06-13T02:48:24.029038Z,12.9
KXTRUMPMENTION-25DEC31,KXTRUMPMENTION-25DEC31-NEW,5ce2b912-b60d-4988-9c14-c2d84248b543,2,42,58,yes,2025-06-13T02:48:24.029038Z,0.84
KXTRUMPMENTION-25DEC31,KXTRUMPMENTION-25DEC31-NEW,0ca5b25b-640b-4985-ac58-69adc29234dd,13,42,58,yes,2025-06-13T02:48:24.029038Z,5.46
KXTRUMPMENTION-25DEC31,KXTRUMPMENTION-25DEC31-NEW,1d6169b1-6110-4a8b-91ff-31bd4833987a,2,42,58,yes,2025-06-13T02:08:29.044502Z,0.84
KXTRUMPMENTION-25DEC31,KXTRUMPMENTION-25DEC31-NEW,fae55c39-6895-4b2d-8a11-fae1cc4463d7,21,17,83,no,2025-06-13T02:04:03.010077Z,3.57
KXTRUMPMENTION-25DEC31,KXTRUMPMENTION-25DEC31-NEW,020cc998-bc12-4678-9ec0-ecc1e4fed753,15,18,82,no,2025-06-13T02:00:56.751666Z,2.7
KXTRUMPMENTION-25DEC31,KXTRUMPMENTION-25DEC31-NEW,ebcfe2fe-8a43-495d-b7ef-9a24a9e39d7d,3,43,57,yes,2025-06-13T00:32:37.80789Z,1.29
KXTRUMPMENTION-25DEC31,KXTRUMPMENTION-25DEC31-NEW,65ac2254-5cd2-43bb-bf96-e2ad9be24ff0,7,44,56,yes,2025-06-13T00:32:37.80789Z,3.08
KXTRUMPMENTION-25DEC31,KXTRUMPMENTION-25DEC31-NEW,99e0cffb-797d-41ab-911d-8caea8cf5845,17,43,57,yes,2025-06-13T00:30:12.223528Z,7.31
KXTRUMPMENTION-25DEC31,KXTRUMPMENTION-25DEC31-NEW,71581997-2ab4-40a1-aeb9-c85aae2b3bea,9,39,61,yes,2025-06-13T00:30:12.223528Z,3.51
KXTRUMPMENTION-25DEC31,KXTRUMPMENTION-25DEC31-NEW,28a35a3d-a324-4102-80d1-d943d31ed955,20,41,59,yes,2025-06-13T00:30:12.223528Z,8.2
KXTRUMPMENTION-25DEC31,KXTRUMPMENTION-25DEC31-NEW,61d979c4-a167-466f-a632-c69d6869ae57,1,40,60,yes,2025-06-13T00:29:29.604807Z,0.4
KXTRUMPMENTION-25DEC31,KXTRUMPMENTION-25DEC31-NEW,575485ab-e87a-4ee9-93a9-4a57e6023a04,4,38,62,yes,2025-06-13T00:29:29.604807Z,1.52
KXTRUMPMENTION-25DEC31,KXTRUMPMENTION-25DEC31-NEW,8f0e35e6-a9c5-42cf-89d1-5b3337dc7706,9,36,64,yes,2025-06-13T00:26:38.699047Z,3.24
KXTRUMPMENTION-25DEC31,KXTRUMPMENTION-25DEC31-NEW,7174f4f4-8b80-4a73-ad8e-2bcfeb8adab5,16,38,62,yes,2025-06-13T00:26:38.699047Z,6.08
KXTRUMPMENTION-25DEC31,KXTRUMPMENTION-25DEC31-NEW,d2bf219a-c7d9-4e1a-bd28-2d62bc479490,8,34,66,yes,2025-06-12T23:33:21.916195Z,2.72
KXTRUMPMENTION-25DEC31,KXTRUMPMENTION-25DEC31-NEW,096881d1-c6e4-4968-a826-eb28270e2e5b,5,35,65,yes,2025-06-12T23:33:21.916195Z,1.75
KXTRUMPMENTION-25DEC31,KXTRUMPMENTION-25DEC31-NEW,c17168fe-56cf-4eae-92b1-1a9e7f8cc874,9,26,74,no,2025-06-12T22:36:23.753199Z,2.34
KXTRUMPMENTION-25DEC31,KXTRUMPMENTION-25DEC31-NEW,0f5c6d87-841f-4525-962c-57df62dc1572,1,34,66,yes,2025-06-12T21:04:22.762593Z,0.34
KXTRUMPMENTION-25DEC31,KXTRUMPMENTION-25DEC31-NEW,805e1574-62a8-4c4f-869c-58522f3cd777,5,30,70,yes,2025-06-12T19:53:10.361127Z,1.5
KXTRUMPMENTION-25DEC31,KXTRUMPMENTION-25DEC31-NEW,6bfbf050-0cf2-4844-ab15-9f4578c1f361,25,30,70,yes,2025-06-12T19:53:10.361127Z,7.5
KXTRUMPMENTION-25DEC31,KXTRUMPMENTION-25DEC31-NEW,5229da12-9dec-4314-8d96-72bbd0c267de,70,32,68,yes,2025-06-12T19:53:10.361127Z,22.4
KXTRUMPMENTION-25DEC31,KXTRUMPMENTION-25DEC31-NEW,eee8721a-f1ea-4798-93ef-8d0bb8d07d07,10,26,74,yes,2025-06-12T17:26:53.972788Z,2.6
KXTRUMPMENTION-25DEC31,KXTRUMPMENTION-25DEC31-NEW,2b7c157a-a095-456b-a04c-d4f332d79860,8,24,76,yes,2025-06-12T17:26:53.972788Z,1.92
KXTRUMPMENTION-25DEC31,KXTRUMPMENTION-25DEC31-NEW,90e70704-21cd-43c7-91e4-d82d879486d8,100,24,76,yes,2025-06-12T16:19:37.09852Z,24.0
KXTRUMPMENTION-25DEC31,KXTRUMPMENTION-25DEC31-NEW,522d8218-a7f2-445b-9f73-5d7672c8feb9,25,22,78,yes,2025-06-12T16:19:37.09852Z,5.5
KXTRUMPMENTION-25DEC31,KXTRUMPMENTION-25DEC31-WOK,78818839-e2a6-44ae-8395-d371fdae20a9,4,30,70,yes,2025-06-14T12:43:26.558387Z,1.2
KXTRUMPMENTION-25DEC31,KXTRUMPMENTION-25DEC31-WOK,2b355ae3-4c8a-4089-8f2c-8288bce082ad,303,31,69,yes,2025-06-14T12:43:26.558387Z,93.93
KXTRUMPMENTION-25DEC31,KXTRUMPMENTION-25DEC31-WOK,9deb8ea4-187b-4fdb-a9e9-2af255d6f2f3,4,31,69,yes,2025-06-14T12:31:44.296848Z,1.24
KXTRUMPMENTION-25DEC31,KXTRUMPMENTION-25DEC31-WOK,6cc9fdac-93ff-47c0-b56b-1470cb8ce439,25,32,68,yes,2025-06-14T12:31:44.296848Z,8.0
KXTRUMPMENTION-25DEC31,KXTRUMPMENTION-25DEC31-WOK,a373ecaf-13d2-4d65-b585-4df0f7290d34,34,32,68,yes,2025-06-14T12:18:42.157047Z,10.88
KXTRUMPMENTION-25DEC31,KXTRUMPMENTION-25DEC31-WOK,335ea5ed-f011-4de8-b6b1-a5d25d1dd115,1,31,69,yes,2025-06-14T12:18:42.157047Z,0.31
KXTRUMPMENTION-25DEC31,KXTRUMPMENTION-25DEC31-WOK,a3f6dbc1-1a58-42fd-a055-69dc522e748f,10,34,66,yes,2025-06-14T12:16:13.444344Z,3.4
KXTRUMPMENTION-25DEC31,KXTRUMPMENTION-25DEC31-WOK,90862459-1d57-4f13-aa2a-dc7498df41de,4,33,67,yes,2025-06-14T12:16:13.444344Z,1.32
KXTRUMPMENTION-25DEC31,KXTRUMPMENTION-25DEC31-WOK,e50bf0bd-7168-4da6-9419-bb0a1a3f6e7b,2,31,69,yes,2025-06-14T12:12:57.59142Z,0.62
KXTRUMPMENTION-25DEC31,KXTRUMPMENTION-25DEC31-WOK,e3de0815-a509-48ec-921e-56d29b4a8b4f,10,33,67,yes,2025-06-14T12:12:57.59142Z,3.3
KXTRUMPMENTION-25DEC31,KXTRUMPMENTION-25DEC31-WOK,e3787617-2e7b-4fa2-ad5e-88b78d269580,51,32,68,yes,2025-06-14T12:12:57.59142Z,16.32
KXTRUMPMENTION-25DEC31,KXTRUMPMENTION-25DEC31-WOK,dbdf1df5-aedb-486d-a8f6-1833a64ee598,10,32,68,yes,2025-06-14T12:12:57.59142Z,3.2
KXTRUMPMENTION-25DEC31,KXTRUMPMENTION-25DEC31-WOK,a6fecfa6-4913-4849-8d7b-c9defac2d2b6,3,33,67,yes,2025-06-14T12:12:57.59142Z,0.99
KXTRUMPMENTION-25DEC31,KXTRUMPMENTION-25DEC31-WOK,94e68eaa-57af-4ee3-b440-817c7bbfffb9,50,33,67,yes,2025-06-14T12:12:57.59142Z,16.5
KXTRUMPMENTION-25DEC31,KXTRUMPMENTION-25DEC31-WOK,9260a0d2-ce07-4bad-9b19-bd1feae04a1c,27,33,67,yes,2025-06-14T12:12:57.59142Z,8.91
KXTRUMPMENTION-25DEC31,KXTRUMPMENTION-25DEC31-WOK,6fd4e7e7-0e24-406b-bb1f-c694cc05751a,6,32,68,yes,2025-06-14T12:12:57.59142Z,1.92
KXTRUMPMENTION-25DEC31,KXTRUMPMENTION-25DEC31-WOK,b2090b89-41b3-4be1-83b1-bb1a40efc756,1,30,70,yes,2025-06-14T12:05:27.840458Z,0.3
KXTRUMPMENTION-25DEC31,KXTRUMPMENTION-25DEC31-WOK,2efa1417-229e-44e0-9808-ca65f7fe6a62,10,31,69,yes,2025-06-14T12:05:27.840458Z,3.1
KXTRUMPMENTION-25DEC31,KXTRUMPMENTION-25DEC31-WOK,0c167478-6028-4e39-b788-d33fbb1e01f9,35,32,68,yes,2025-06-14T12:05:27.840458Z,11.2
KXTRUMPMENTION-25DEC31,KXTRUMPMENTION-25DEC31-WOK,4570a5b6-d13e-4bb5-b4a5-4efcdc4dbead,9,30,70,yes,2025-06-14T06:57:04.228754Z,2.7
KXTRUMPMENTION-25DEC31,KXTRUMPMENTION-25DEC31-WOK,c1d91fc4-14e2-4d7c-8237-9054d823f8af,8,22,78,no,2025-06-14T06:05:20.081308Z,1.76
KXTRUMPMENTION-25DEC31,KXTRUMPMENTION-25DEC31-WOK,840ef319-0987-44f9-b46a-883d7ed90fca,2,22,78,no,2025-06-14T06:05:20.081308Z,0.44
KXTRUMPMENTION-25DEC31,KXTRUMPMENTION-25DEC31-WOK,5933af15-86ef-49c1-be46-6a9c14f2867a,15,25,75,no,2025-06-14T06:05:20.081308Z,3.75
KXTRUMPMENTION-25DEC31,KXTRUMPMENTION-25DEC31-WOK,c651a605-4ea1-4676-98c6-d842747c733f,20,31,69,yes,2025-06-14T05:24:09.268055Z,6.2
KXTRUMPMENTION-25DEC31,KXTRUMPMENTION-25DEC31-WOK,87a68991-3fbe-4ba1-9af8-be94c90820c4,4,32,68,yes,2025-06-14T05:24:09.268055Z,1.28
KXTRUMPMENTION-25DEC31,KXTRUMPMENTION-25DEC31-WOK,4920aeb2-48c9-4b18-8556-ea8d138b5b4c,1,24,76,no,2025-06-14T05:03:41.15254Z,0.24
KXTRUMPMENTION-25DEC31,KXTRUMPMENTION-25DEC31-WOK,2b8db054-0fd1-4b86-9c14-d144c1154f65,24,22,78,no,2025-06-14T05:03:41.15254Z,5.28
KXTRUMPMENTION-25DEC31,KXTRUMPMENTION-25DEC31-WOK,64109c56-889e-4aee-86b7-b31309642cd0,15,31,69,yes,2025-06-14T04:45:54.279674Z,4.65
KXTRUMPMENTION-25DEC31,KXTRUMPMENTION-25DEC31-WOK,9b3ed884-2473-451c-9c8a-9fc2cc2b4ba6,14,32,68,yes,2025-06-14T04:25:48.055676Z,4.48
KXTRUMPMENTION-25DEC31,KXTRUMPMENTION-25DEC31-WOK,f92ec9cb-53e9-410d-a8c2-840b5a76654e,10,24,76,no,2025-06-14T04:22:21.96056Z,2.4
KXTRUMPMENTION-25DEC31,KXTRUMPMENTION-25DEC31-WOK,e423c169-16af-4d98-b1b7-e574eea4cb4d,10,28,72,no,2025-06-14T04:22:21.96056Z,2.8
KXTRUMPMENTION-25DEC31,KXTRUMPMENTION-25DEC31-WOK,d44b16b3-7258-4da3-a7f3-0da7b08428a7,10,27,73,no,2025-06-14T04:22:21.96056Z,2.7
KXTRUMPMENTION-25DEC31,KXTRUMPMENTION-25DEC31-WOK,aa46db1c-8d9d-498f-a829-32ec299de878,10,25,75,no,2025-06-14T04:22:21.96056Z,2.5
KXTRUMPMENTION-25DEC31,KXTRUMPMENTION-25DEC31-WOK,955c7b1e-f2a8-4b3d-9ed4-c6e1e3f9554a,10,29,71,no,2025-06-14T04:22:21.96056Z,2.9
KXTRUMPMENTION-25DEC31,KXTRUMPMENTION-25DEC31-WOK,86e9c6a2-c7b7-4d1a-ae4a-18d57daf1f37,10,26,74,no,2025-06-14T04:22:21.96056Z,2.6
KXTRUMPMENTION-25DEC31,KXTRUMPMENTION-25DEC31-WOK,40a6ae79-4edc-4e1a-be10-8d4d1b51ce18,115,24,76,no,2025-06-14T04:22:21.96056Z,27.6
KXTRUMPMENTION-25DEC31,KXTRUMPMENTION-25DEC31-WOK,406192c5-6065-4dca-ae96-13e30fe6076d,35,27,73,no,2025-06-14T04:22:21.96056Z,9.45
KXTRUMPMENTION-25DEC31,KXTRUMPMENTION-25DEC31-WOK,388db062-9e84-405f-a45f-8c830bd2d2b6,53,26,74,no,2025-06-14T04:22:21.96056Z,13.78
KXTRUMPMENTION-25DEC31,KXTRUMPMENTION-25DEC31-WOK,8ffd1c04-fb29-4473-be60-a80fe1bf05e8,17,32,68,yes,2025-06-14T03:57:05.701602Z,5.44
KXTRUMPMENTION-25DEC31,KXTRUMPMENTION-25DEC31-WOK,56032c19-3c17-4529-a402-ac45962fb811,29,32,68,yes,2025-06-14T03:52:11.348872Z,9.28
KXTRUMPMENTION-25DEC31,KXTRUMPMENTION-25DEC31-WOK,afa9c7fe-fc96-4cb8-824a-f768befed6f4,45,32,68,yes,2025-06-14T03:43:26.119185Z,14.4
KXTRUMPMENTION-25DEC31,KXTRUMPMENTION-25DEC31-WOK,372449ca-4aac-48b8-9e85-cba400391069,10,31,69,no,2025-06-14T03:33:27.80154Z,3.1
KXTRUMPMENTION-25DEC31,KXTRUMPMENTION-25DEC31-WOK,15d9fd8f-453d-4380-9c63-f85726d52f96,10,30,70,no,2025-06-14T03:33:27.80154Z,3.0
KXTRUMPMENTION-25DEC31,KXTRUMPMENTION-25DEC31-WOK,fd9d4294-dbd2-4050-96ee-8759a7ffc635,2,32,68,yes,2025-06-14T03:03:43.360938Z,0.64
KXTRUMPMENTION-25DEC31,KXTRUMPMENTION-25DEC31-WOK,d9777c48-5fa2-426f-96b6-8c8884fa2957,10,32,68,yes,2025-06-14T02:38:09.309305Z,3.2
KXTRUMPMENTION-25DEC31,KXTRUMPMENTION-25DEC31-WOK,b9c600d6-3cb5-4a18-9e39-06b71115e138,10,32,68,yes,2025-06-14T02:34:33.019072Z,3.2
KXTRUMPMENTION-25DEC31,KXTRUMPMENTION-25DEC31-WOK,d436ec70-d0c0-4b34-b059-a98ae1f4639d,10,32,68,yes,2025-06-14T02:32:36.366632Z,3.2
KXTRUMPMENTION-25DEC31,KXTRUMPMENTION-25DEC31-WOK,29b112b1-d3dc-4deb-9c2d-368dd8a9893d,10,32,68,yes,2025-06-14T02:32:20.122917Z,3.2
KXTRUMPMENTION-25DEC31,KXTRUMPMENTION-25DEC31-WOK,601c26f8-6e7c-4328-b401-8075617f9e12,10,33,67,yes,2025-06-14T02:29:51.958367Z,3.3
KXTRUMPMENTION-25DEC31,KXTRUMPMENTION-25DEC31-WOK,8bce984a-7dff-48cc-b20a-8dd56e181d45,10,32,68,yes,2025-06-14T02:29:45.869141Z,3.2
KXTRUMPMENTION-25DEC31,KXTRUMPMENTION-25DEC31-WOK,0d8fede2-0b7a-4d2f-b09c-fce691ea2989,5,33,67,yes,2025-06-14T01:52:50.441295Z,1.65
KXTRUMPMENTION-25DEC31,KXTRUMPMENTION-25DEC31-WOK,7a771062-5c9d-48ac-9172-bbfcdff145ca,8,32,68,yes,2025-06-14T01:50:18.584357Z,2.56
KXTRUMPMENTION-25DEC31,KXTRUMPMENTION-25DEC31-WOK,5e104ae1-6638-4bbf-b8df-4a256640f665,40,33,67,yes,2025-06-14T01:50:18.584357Z,13.2
KXTRUMPMENTION-25DEC31,KXTRUMPMENTION-25DEC31-WOK,0622c69d-6d1c-45d7-8810-0e616e64c85b,10,32,68,yes,2025-06-14T01:50:18.584357Z,3.2
KXTRUMPMENTION-25DEC31,KXTRUMPMENTION-25DEC31-WOK,9e4c7ef0-4cd0-467d-af35-a5ec96efca36,35,32,68,yes,2025-06-14T01:27:31.730676Z,11.2
KXTRUMPMENTION-25DEC31,KXTRUMPMENTION-25DEC31-WOK,379ab088-273f-4ba2-b50c-594b6ca139a2,12,31,69,yes,2025-06-14T01:27:31.730676Z,3.72
KXTRUMPMENTION-25DEC31,KXTRUMPMENTION-25DEC31-WOK,329b35ce-0e8d-4c50-ab24-4632f5d57835,13,31,69,yes,2025-06-14T01:27:31.730676Z,4.03
KXTRUMPMENTION-25DEC31,KXTRUMPMENTION-25DEC31-WOK,858868d8-6032-4dbd-ab7e-49d8897209f2,7,31,69,yes,2025-06-14T00:56:20.583428Z,2.17
KXTRUMPMENTION-25DEC31,KXTRUMPMENTION-25DEC31-WOK,48a67c95-acc9-4f62-bfd3-23bfb6b2b88b,10,30,70,yes,2025-06-14T00:56:20.583428Z,3.0
KXTRUMPMENTION-25DEC31,KXTRUMPMENTION-25DEC31-WOK,4fa87409-869c-45c6-9631-a62bd1d1e280,10,28,72,no,2025-06-14T00:10:13.051992Z,2.8
KXTRUMPMENTION-25DEC31,KXTRUMPMENTION-25DEC31-WOK,38b240dc-fb4f-43db-b34e-c1d24ac3bc76,10,29,71,no,2025-06-14T00:10:13.051992Z,2.9
KXTRUMPMENTION-25DEC31,KXTRUMPMENTION-25DEC31-WOK,aa02c4b7-50ed-4020-8d6f-b5d732d06ab2,35,29,71,no,2025-06-13T22:14:12.587759Z,10.15
KXTRUMPMENTION-25DEC31,KXTRUMPMENTION-25DEC31-WOK,55f3a63b-a4c6-467c-a266-be33f262cf4e,10,30,70,no,2025-06-13T22:14:12.587759Z,3.0
KXTRUMPMENTION-25DEC31,KXTRUMPMENTION-25DEC31-WOK,350789d7-dd2c-462e-9cb4-e8d474e861d5,10,29,71,no,2025-06-13T22:14:12.587759Z,2.9
KXTRUMPMENTION-25DEC31,KXTRUMPMENTION-25DEC31-WOK,05c6dd6b-2f86-413c-a320-dac989faba5c,25,30,70,no,2025-06-13T22:14:12.587759Z,7.5
KXTRUMPMENTION-25DEC31,KXTRUMPMENTION-25DEC31-WOK,4f37ecd0-3d77-463a-89e2-b66bf7ae2642,28,33,67,yes,2025-06-13T21:35:32.645509Z,9.24
KXTRUMPMENTION-25DEC31,KXTRUMPMENTION-25DEC31-WOK,04ce71d6-8249-48b2-bf53-d15168fd5937,29,33,67,yes,2025-06-13T20:49:29.587393Z,9.57
KXTRUMPMENTION-25DEC31,KXTRUMPMENTION-25DEC31-WOK,3bd0c2e6-ca32-4ae2-be6a-26f5657b1ec9,19,33,67,yes,2025-06-13T20:35:24.671754Z,6.27
KXTRUMPMENTION-25DEC31,KXTRUMPMENTION-25DEC31-WOK,071c00ef-db19-4134-9626-e5e1682c5c0d,10,32,68,yes,2025-06-13T20:35:24.671754Z,3.2
KXTRUMPMENTION-25DEC31,KXTRUMPMENTION-25DEC31-WOK,5fd61bc2-04be-4511-a94e-ed662f5bb7b9,173,33,67,yes,2025-06-13T20:01:12.751565Z,57.09
KXTRUMPMENTION-25DEC31,KXTRUMPMENTION-25DEC31-WOK,9beb27fc-75d4-4fcf-a305-0f293f79aa6d,64,32,68,yes,2025-06-13T19:31:52.69877Z,20.48
KXTRUMPMENTION-25DEC31,KXTRUMPMENTION-25DEC31-WOK,7d65e357-b839-4c32-8e5a-e5f8a19e1cd4,169,33,67,yes,2025-06-13T19:31:52.69877Z,55.77
KXTRUMPMENTION-25DEC31,KXTRUMPMENTION-25DEC31-WOK,ac778bfd-5b0a-4f55-92be-e3fe33b2f1dc,136,32,68,yes,2025-06-13T19:04:55.835018Z,43.52
KXTRUMPMENTION-25DEC31,KXTRUMPMENTION-25DEC31-WOK,383613b3-7e01-4800-8b29-400f0490ff2d,10,32,68,yes,2025-06-13T19:04:55.835018Z,3.2
KXTRUMPMENTION-25DEC31,KXTRUMPMENTION-25DEC31-WOK,dd47361a-e772-4147-ab85-01ca26b18404,1,31,69,no,2025-06-13T18:55:53.758884Z,0.31
KXTRUMPMENTION-25DEC31,KXTRUMPMENTION-25DEC31-WOK,b44854d3-e409-431e-88ca-8d027936b25f,1,33,67,yes,2025-06-13T18:27:19.483541Z,0.33
KXTRUMPMENTION-25DEC31,KXTRUMPMENTION-25DEC31-WOK,2b88c584-0d5f-4269-b600-79c645ba042e,5,34,66,yes,2025-06-13T18:27:19.483541Z,1.7
KXTRUMPMENTION-25DEC31,KXTRUMPMENTION-25DEC31-WOK,6e206b57-f868-424e-9170-6d81eb7bebea,1,30,70,no,2025-06-13T18:15:27.824169Z,0.3
KXTRUMPMENTION-25DEC31,KXTRUMPMENTION-25DEC31-WOK,993f6c89-6fce-4f7c-9a75-3ff00e6d6113,9,33,67,yes,2025-06-13T17:33:17.589325Z,2.97
KXTRUMPMENTION-25DEC31,KXTRUMPMENTION-25DEC31-WOK,8f8003d5-0d41-49c3-94f8-dcfc300195fc,10,32,68,yes,2025-06-13T17:33:17.589325Z,3.2
KXTRUMPMENTION-25DEC31,KXTRUMPMENTION-25DEC31-WOK,8f5b6453-d686-4512-83ab-7a0308b7c226,35,33,67,yes,2025-06-13T17:33:17.589325Z,11.55
KXTRUMPMENTION-25DEC31,KXTRUMPMENTION-25DEC31-WOK,d7a75b59-e9ff-4ab1-83d6-6e4118ffd9bf,10,26,74,no,2025-06-13T16:50:10.721252Z,2.6
KXTRUMPMENTION-25DEC31,KXTRUMPMENTION-25DEC31-WOK,b3ee44c3-e65d-4481-b359-c40ef99f09ba,2,27,73,no,2025-06-13T16:50:10.721252Z,0.54
KXTRUMPMENTION-25DEC31,KXTRUMPMENTION-25DEC31-WOK,74ed4d5f-17b5-424f-accd-8d18512d49d5,10,27,73,no,2025-06-13T16:50:10.721252Z,2.7
KXTRUMPMENTION-25DEC31,KXTRUMPMENTION-25DEC31-WOK,50755a57-88f9-4ac2-b136-b04f2081901a,4,27,73,no,2025-06-13T16:50:10.721252Z,1.08
KXTRUMPMENTION-25DEC31,KXTRUMPMENTION-25DEC31-WOK,201c3fbd-6daa-4cb0-843a-8d5e5ab02ef6,5,25,75,no,2025-06-13T16:50:10.721252Z,1.25
KXTRUMPMENTION-25DEC31,KXTRUMPMENTION-25DEC31-WOK,08d765db-0bc3-441e-bb73-29c9c4d53b31,35,26,74,no,2025-06-13T16:50:10.721252Z,9.1
KXTRUMPMENTION-25DEC31,KXTRUMPMENTION-25DEC31-WOK,fc4fb003-10f2-4e84-b747-537f754330ee,11,34,66,yes,2025-06-13T16:22:40.504376Z,3.74
KXTRUMPMENTION-25DEC31,KXTRUMPMENTION-25DEC31-WOK,80bbed0b-afb5-4f2d-af73-4bb95f1cdf80,5,30,70,no,2025-06-13T16:13:29.777262Z,1.5
KXTRUMPMENTION-25DEC31,KXTRUMPMENTION-25DEC31-WOK,0ae4fbbe-b67f-4ae4-99be-5e96467ff45c,8,27,73,no,2025-06-13T16:13:29.777262Z,2.16
KXTRUMPMENTION-25DEC31,KXTRUMPMENTION-25DEC31-WOK,0d233fc6-84f2-4e60-b183-54675d99615b,3,34,66,yes,2025-06-13T14:52:21.147635Z,1.02
KXTRUMPMENTION-25DEC31,KXTRUMPMENTION-25DEC31-WOK,336fd748-e48d-4cbe-8f8a-4f82c2619590,16,34,66,yes,2025-06-13T14:49:44.239802Z,5.44
KXTRUMPMENTION-25DEC31,KXTRUMPMENTION-25DEC31-WOK,38038b94-4d25-4442-a7e2-effec0e97abe,3,34,66,yes,2025-06-13T06:35:50.14452Z,1.02
KXTRUMPMENTION-25DEC31,KXTRUMPMENTION-25DEC31-WOK,505eb4d3-c0fc-4959-a859-4e7d252378b8,42,34,66,yes,2025-06-13T06:35:23.883844Z,14.28
KXTRUMPMENTION-25DEC31,KXTRUMPMENTION-25DEC31-WOK,ce2602f1-3df7-4be3-9cbb-af5bcc4027b8,85,34,66,yes,2025-06-13T05:49:06.306169Z,28.9
KXTRUMPMENTION-25DEC31,KXTRUMPMENTION-25DEC31-WOK,eb0887fe-256a-47c2-b9e3-c60b32847e0b,200,34,66,yes,2025-06-13T04:42:50.990224Z,68.0
KXTRUMPMENTION-25DEC31,KXTRUMPMENTION-25DEC31-WOK,b80538eb-97b6-4817-a0b9-a59ec4a9d2de,10,33,67,yes,2025-06-13T04:42:50.990224Z,3.3
KXTRUMPMENTION-25DEC31,KXTRUMPMENTION-25DEC31-WOK,b545114d-e844-4dcc-afe6-ac98d2b3265e,26,35,65,yes,2025-06-13T04:42:50.990224Z,9.1
KXTRUMPMENTION-25DEC31,KXTRUMPMENTION-25DEC31-WOK,93b721ee-90ca-4888-9f95-bdbb5f137d5d,68,34,66,yes,2025-06-13T04:42:50.990224Z,23.12
KXTRUMPMENTION-25DEC31,KXTRUMPMENTION-25DEC31-WOK,3dbcf3c6-b607-492b-abbd-dbe79eb7ad6a,265,33,67,yes,2025-06-13T04:42:50.990224Z,87.45
KXTRUMPMENTION-25DEC31,KXTRUMPMENTION-25DEC31-WOK,b7c5d3e4-59cb-415f-92bd-d0be1659aced,14,33,67,yes,2025-06-13T03:56:10.595165Z,4.62
KXTRUMPMENTION-25DEC31,KXTRUMPMENTION-25DEC31-WOK,ce31eeb3-d47b-48c5-bbf8-e7cc9c253ea3,5,33,67,yes,2025-06-13T03:30:34.791758Z,1.65
KXTRUMPMENTION-25DEC31,KXTRUMPMENTION-25DEC31-WOK,a43843ea-35de-41a1-8eec-6b8bb08039ab,41,33,67,yes,2025-06-13T02:45:35.686996Z,13.53
KXTRUMPMENTION-25DEC31,KXTRUMPMENTION-25DEC31-WOK,731c58a9-4273-4f28-8114-0aec39893589,19,33,67,yes,2025-06-13T02:45:35.686996Z,6.27
KXTRUMPMENTION-25DEC31,KXTRUMPMENTION-25DEC31-WOK,1b21b657-94ba-464f-949d-2453d87628fc,5,33,67,yes,2025-06-13T02:45:27.13449Z,1.65
KXTRUMPMENTION-25DEC31,KXTRUMPMENTION-25DEC31-WOK,e68ca847-4643-4243-a463-5ac980d8d00d,35,32,68,yes,2025-06-13T02:45:12.253352Z,11.2
KXTRUMPMENTION-25DEC31,KXTRUMPMENTION-25DEC31-WOK,75e181ef-b95e-4304-addc-9413df3adc6f,258,25,75,no,2025-06-13T02:23:01.186647Z,64.5
KXTRUMPMENTION-25DEC31,KXTRUMPMENTION-25DEC31-WOK,1f6e879f-fea6-4133-845c-956173d176fa,35,26,74,no,2025-06-13T02:23:01.186647Z,9.1
KXTRUMPMENTION-25DEC31,KXTRUMPMENTION-25DEC31-WOK,0345e8a7-ba85-4c46-bde7-3222ea1887aa,6,25,75,no,2025-06-13T02:23:01.186647Z,1.5
KXTRUMPMENTION-25DEC31,KXTRUMPMENTION-25DEC31-WOK,5f17dec4-09b0-4905-a4aa-e92986d1a579,14,33,67,yes,2025-06-13T01:43:00.747456Z,4.62
KXTRUMPMENTION-25DEC31,KXTRUMPMENTION-25DEC31-WOK,5597c7c9-f54f-4346-9f8f-3ec238d629cf,5,33,67,yes,2025-06-13T01:41:56.453476Z,1.65
KXTRUMPMENTION-25DEC31,KXTRUMPMENTION-25DEC31-WOK,0d51bc26-89cf-4ef8-8525-55150de195a1,43,33,67,yes,2025-06-13T01:01:19.026257Z,14.19
KXTRUMPMENTION-25DEC31,KXTRUMPMENTION-25DEC31-WOK,ed3a40fc-75d7-485b-86f0-13ded08cccb5,14,33,67,yes,2025-06-13T00:32:26.593415Z,4.62
KXTRUMPMENTION-25DEC31,KXTRUMPMENTION-25DEC31-WOK,62d589b9-9690-44a0-8730-23cc8314f45b,11,33,67,yes,2025-06-12T23:48:55.890848Z,3.63
KXTRUMPMENTION-25DEC31,KXTRUMPMENTION-25DEC31-WOK,af6077a6-6c28-4640-907e-0400a50eb5e4,89,33,67,yes,2025-06-12T23:09:55.693298Z,29.37
KXTRUMPMENTION-25DEC31,KXTRUMPMENTION-25DEC31-WOK,55def7fe-9b47-4f1c-a9e3-6b6c852d7c55,6,33,67,yes,2025-06-12T23:09:55.693298Z,1.98
KXTRUMPMENTION-25DEC31,KXTRUMPMENTION-25DEC31-WOK,2671a5bf-ff39-436b-beac-abd7dd09772a,200,32,68,yes,2025-06-12T23:09:55.693298Z,64.0
KXTRUMPMENTION-25DEC31,KXTRUMPMENTION-25DEC31-WOK,3b8975fa-a8db-4c2d-a75c-7775d0de52b6,44,33,67,yes,2025-06-12T22:05:49.649346Z,14.52
KXTRUMPMENTION-25DEC31,KXTRUMPMENTION-25DEC31-WOK,0be3365e-00fd-47d5-94c2-079409d55abe,28,33,67,yes,2025-06-12T22:05:49.649346Z,9.24
KXTRUMPMENTION-25DEC31,KXTRUMPMENTION-25DEC31-WOK,da7303c8-4374-405f-af40-17cc95c21d5e,144,33,67,yes,2025-06-12T18:59:51.186606Z,47.52
KXTRUMPMENTION-25DEC31,KXTRUMPMENTION-25DEC31-WOK,37da6d9e-aa93-4f39-9399-dd9a15bcc935,28,33,67,yes,2025-06-12T18:41:50.062187Z,9.24
KXTRUMPMENTION-25DEC31,KXTRUMPMENTION-25DEC31-WOK,b6c65ed6-61af-41d7-8ce9-ab1a772fa371,132,34,66,yes,2025-06-12T17:58:44.180077Z,44.88
KXTRUMPMENTION-25DEC31,KXTRUMPMENTION-25DEC31-WOK,78238a5e-bdee-4b40-9055-28b674668082,147,33,67,yes,2025-06-12T17:58:44.180077Z,48.51
KXTRUMPMENTION-25DEC31,KXTRUMPMENTION-25DEC31-WOK,2c25c821-c361-4782-86e2-c46f01e7e368,6,33,67,yes,2025-06-12T17:58:44.180077Z,1.98
KXTRUMPMENTION-25DEC31,KXTRUMPMENTION-25DEC31-WOK,71ec567a-80c6-444a-9c68-cb475583edcc,14,33,67,yes,2025-06-12T17:47:52.156931Z,4.62
KXTRUMPMENTION-25DEC31,KXTRUMPMENTION-25DEC31-WOK,f4b5e20a-3bc3-457f-9031-b936e9b7957d,14,33,67,yes,2025-06-12T17:26:33.396151Z,4.62
KXTRUMPMENTION-25DEC31,KXTRUMPMENTION-25DEC31-WOK,f937ea3c-b2a8-45a4-a573-0f8b2a8519a6,33,32,68,yes,2025-06-12T17:10:39.150178Z,10.56
KXTRUMPMENTION-25DEC31,KXTRUMPMENTION-25DEC31-WOK,ea0d5c47-7466-40a2-8dfb-2f3116f69daf,25,33,67,yes,2025-06-12T17:10:39.150178Z,8.25
KXTRUMPMENTION-25DEC31,KXTRUMPMENTION-25DEC31-WOK,3de0b6d2-c25b-4119-9075-fbc712345786,33,31,69,yes,2025-06-12T16:25:11.315329Z,10.23
KXTRUMPMENTION-25DEC31,KXTRUMPMENTION-25DEC31-WOK,198d8d20-6711-492b-afc1-0d8500288ec9,167,32,68,yes,2025-06-12T16:25:11.315329Z,53.44
KXTRUMPMENTION-25DEC31,KXTRUMPMENTION-25DEC31-WOK,86b8723a-eb42-4fc8-a995-60840ce2bec7,1,28,72,yes,2025-06-12T15:52:41.706493Z,0.28
KXTRUMPMENTION-25DEC31,KXTRUMPMENTION-25DEC31-WOK,82b8bfc6-b402-45f0-be8a-d915b87b6c6c,200,28,72,yes,2025-06-12T15:52:41.706493Z,56.0
KXTRUMPMENTION-25DEC31,KXTRUMPMENTION-25DEC31-WOK,38a5d8a4-8ec5-48ed-887b-cfc655f0c527,40,30,70,yes,2025-06-12T15:52:41.706493Z,12.0
KXTRUMPMENTION-25DEC31,KXTRUMPMENTION-25DEC31-WOK,127ba22b-6de6-475b-9b81-9eab68045348,40,32,68,yes,2025-06-12T15:52:41.706493Z,12.8
KXTRUMPMENTION-25DEC31,KXTRUMPMENTION-25DEC31-WOK,92ae8b2a-f07c-4a01-9155-811f252c6ec9,10,29,71,yes,2025-06-12T14:13:42.418905Z,2.9
KXTRUMPMENTION-25DEC31,KXTRUMPMENTION-25DEC31-WOK,950102b1-6443-4d0f-a69a-3f21bab4b72b,10,29,71,no,2025-06-12T14:13:37.425223Z,2.9
KXTRUMPMENTION-25DEC31,KXTRUMPMENTION-25DEC31-WOK,bcce2b81-a0c5-4a7e-8716-f04eaa262d1b,10,27,73,yes,2025-06-12T14:13:30.209745Z,2.7
KXTRUMPMENTION-25DEC31,KXTRUMPMENTION-25DEC31-WOK,7d4dad6b-b678-4ae1-a91a-39cf71f2e1c1,10,26,74,yes,2025-06-12T14:04:34.068016Z,2.6
KXTRUMPMENTION-25DEC31,KXTRUMPMENTION-25DEC31-WOK,d3f5e948-d07c-446b-811f-91497d164ceb,4,24,76,yes,2025-06-12T14:04:23.278258Z,0.96
KXTRUMPMENTION-25DEC31,KXTRUMPMENTION-25DEC31-WOK,79f33e72-58b3-4cef-affb-44bb9bb273e8,6,25,75,yes,2025-06-12T14:04:17.079699Z,1.5
KXTRUMPMENTION-25DEC31,KXTRUMPMENTION-25DEC31-WOK,6ed709b1-14fe-4864-a2d6-19a8c920a444,4,23,77,yes,2025-06-12T14:04:17.079699Z,0.92
KXTRUMPMENTION-25DEC31,KXTRUMPMENTION-25DEC31-WOK,87ac440e-85b9-4247-8ede-8210bea23a7c,10,23,77,yes,2025-06-12T14:04:11.234933Z,2.3
KXTRUMPMENTION-25DEC31,KXTRUMPMENTION-25DEC31-WOK,4e25ea9e-9458-4ebc-80fd-ddf2f5391703,10,23,77,yes,2025-06-12T14:04:05.011762Z,2.3
KXTRUMPMENTION-25DEC31,KXTRUMPMENTION-25DEC31-WOK,c8b0321b-4ba6-4bef-b021-7288adbc5dda,10,23,77,yes,2025-06-12T14:03:58.765197Z,2.3
KXTRUMPMENTION-25DEC31,KXTRUMPMENTION-25DEC31-WOK,eacf5dc6-09e3-4f93-acd4-1e3cc159476a,1,24,76,yes,2025-06-12T14:03:48.04253Z,0.24
KXTRUMPMENTION-25DEC31,KXTRUMPMENTION-25DEC31-WOK,11e6bc33-9f81-47bb-9332-95810d25e39e,9,22,78,yes,2025-06-12T14:03:48.04253Z,1.98
KXTRUMPMENTION-25DEC31,KXTRUMPMENTION-25DEC31-WOK,f2d32852-266f-4336-88ef-d688f1a2f3d4,10,22,78,yes,2025-06-12T14:03:41.93245Z,2.2
KXTRUMPMENTION-25DEC31,KXTRUMPMENTION-25DEC31-WOK,d4b0584f-3da2-464b-9811-4cce92a81152,10,22,78,yes,2025-06-12T14:03:35.621205Z,2.2
KXTRUMPMENTION-25DEC31,KXTRUMPMENTION-25DEC31-WOK,d38ccd83-9655-49ee-9868-63478046337d,10,22,78,yes,2025-06-12T14:03:29.815453Z,2.2
KXTRUMPMENTION-25DEC31,KXTRUMPMENTION-25DEC31-WOK,6abeee78-a3c7-4a55-a029-0d9b7a4e6e94,10,22,78,yes,2025-06-12T14:03:23.657056Z,2.2
KXTRUMPMENTION-25DEC31,KXTRUMPMENTION-25DEC31-WOK,fa568122-4775-4023-b443-9b84223a6cff,10,22,78,yes,2025-06-12T14:03:12.743377Z,2.2
KXTRUMPMENTION-25DEC31,KXTRUMPMENTION-25DEC31-WOK,3f11458a-1a09-4078-a4a7-14cbaedbfec8,10,21,79,yes,2025-06-12T14:03:06.859309Z,2.1
KXTRUMPMENTION-25DEC31,KXTRUMPMENTION-25DEC31-WOK,cf0d09a4-4bec-4404-8f83-a3852e1d53d5,10,21,79,yes,2025-06-12T14:03:00.272302Z,2.1
KXTRUMPMENTION-25DEC31,KXTRUMPMENTION-25DEC31-WOK,a92c1414-9c8b-45df-941d-3be03dbef7a7,10,21,79,yes,2025-06-12T14:02:54.353316Z,2.1
KXTRUMPMENTION-25DEC31,KXTRUMPMENTION-25DEC31-WOK,b4142c6d-817e-4766-a975-9162467dd7c9,10,21,79,yes,2025-06-12T14:02:48.597697Z,2.1
KXTRUMPMENTION-25DEC31,KXTRUMPMENTION-25DEC31-WOK,1226b280-08f5-4167-84a6-83410103cc5c,10,21,79,yes,2025-06-12T14:02:37.754219Z,2.1
KXTRUMPMENTION-25DEC31,KXTRUMPMENTION-25DEC31-WOK,a6fbf989-daf2-4a73-80f7-81ba8513bf95,10,21,79,yes,2025-06-12T14:02:31.740263Z,2.1
KXTRUMPMENTION-25DEC31,KXTRUMPMENTION-25DEC31-WOK,5051a3a9-ef4b-4582-ad99-65c91e58bf9e,1,20,80,yes,2025-06-12T14:02:25.828328Z,0.2
KXTRUMPMENTION-25DEC31,KXTRUMPMENTION-25DEC31-WOK,036e98ea-1707-4c3b-bb2c-a59136766d89,9,20,80,yes,2025-06-12T14:02:25.828328Z,1.8
KXTRUMPMENTION-25DEC31,KXTRUMPMENTION-25DEC31-WOK,01530748-804a-47a9-90b2-b2cd1ea1d988,10,20,80,yes,2025-06-12T14:02:19.719503Z,2.0
KXTRUMPMENTION-25DEC31,KXTRUMPMENTION-25DEC31-WOK,5ed5d593-b2a0-4ac4-b791-58f3c17a5e92,10,20,80,yes,2025-06-12T14:02:12.737308Z,2.0
KXTRUMPMENTION-25DEC31,KXTRUMPMENTION-25DEC31-BIR,3442e1a6-4600-41ce-8d34-2774d28f12b6,3,77,23,yes,2025-06-14T12:57:26.784274Z,2.31
KXTRUMPMENTION-25DEC31,KXTRUMPMENTION-25DEC31-BIR,7eb1574b-0bed-4d25-bbf8-03cd899646d3,1,75,25,yes,2025-06-14T12:47:32.524154Z,0.75
KXTRUMPMENTION-25DEC31,KXTRUMPMENTION-25DEC31-BIR,0e2b1fd0-8dca-4e95-b5bf-b1932014e1df,1,76,24,yes,2025-06-14T12:47:32.524154Z,0.76
KXTRUMPMENTION-25DEC31,KXTRUMPMENTION-25DEC31-BIR,fed3cd68-7333-4434-9e48-756909047590,16,67,33,no,2025-06-14T12:43:46.011669Z,10.72
KXTRUMPMENTION-25DEC31,KXTRUMPMENTION-25DEC31-BIR,eec8d440-2d68-4011-b63a-47159de7f96f,143,65,35,no,2025-06-14T12:43:46.011669Z,92.95
KXTRUMPMENTION-25DEC31,KXTRUMPMENTION-25DEC31-BIR,d4d3c5cb-7ffc-4b70-8d17-4b7c88db0889,8,66,34,no,2025-06-14T12:43:46.011669Z,5.28
KXTRUMPMENTION-25DEC31,KXTRUMPMENTION-25DEC31-BIR,8bf5e23c-2dfc-462f-be39-73aee45f4ff0,40,66,34,no,2025-06-14T12:43:46.011669Z,26.4
KXTRUMPMENTION-25DEC31,KXTRUMPMENTION-25DEC31-BIR,8971ca56-2d10-47ef-a0f2-cae433b150d2,2,68,32,no,2025-06-14T12:43:46.011669Z,1.36
KXTRUMPMENTION-25DEC31,KXTRUMPMENTION-25DEC31-BIR,40d50213-f887-4257-9140-bb5e0df22325,100,77,23,no,2025-06-14T12:43:46.011669Z,77.0
KXTRUMPMENTION-25DEC31,KXTRUMPMENTION-25DEC31-BIR,bb0a0e05-209e-4396-9097-3921dd1e4fb9,7,79,21,yes,2025-06-14T12:40:49.322411Z,5.53
KXTRUMPMENTION-25DEC31,KXTRUMPMENTION-25DEC31-BIR,205e8fd8-7d47-4d19-86eb-2c8f3a6dad19,120,77,23,yes,2025-06-14T12:40:49.322411Z,92.4
KXTRUMPMENTION-25DEC31,KXTRUMPMENTION-25DEC31-BIR,7da968f8-6a70-40f8-a2e7-acfe31059f72,1,76,24,no,2025-06-14T12:36:18.697317Z,0.76
KXTRUMPMENTION-25DEC31,KXTRUMPMENTION-25DEC31-BIR,2671b5f5-4967-4f98-ab89-4f2d07f1ea13,10,75,25,no,2025-06-14T12:36:18.697317Z,7.5
KXTRUMPMENTION-25DEC31,KXTRUMPMENTION-25DEC31-BIR,55f9bb72-f770-4fb1-b49c-1fa5f72c3985,22,75,25,yes,2025-06-14T12:36:09.833387Z,16.5
KXTRUMPMENTION-25DEC31,KXTRUMPMENTION-25DEC31-BIR,8cb002d9-7eb2-4b74-bd78-30fc470104c9,8,74,26,yes,2025-06-14T06:34:42.979035Z,5.92
KXTRUMPMENTION-25DEC31,KXTRUMPMENTION-25DEC31-BIR,5d400a2c-f86d-4868-8536-19c69279cd4c,5,76,24,yes,2025-06-14T06:34:42.979035Z,3.8
KXTRUMPMENTION-25DEC31,KXTRUMPMENTION-25DEC31-BIR,f0b540da-0fae-4bcf-b241-6d2b51d39557,1,74,26,yes,2025-06-14T06:12:19.409373Z,0.74
KXTRUMPMENTION-25DEC31,KXTRUMPMENTION-25DEC31-BIR,f3336b1b-1bbf-4efb-a009-a277d8af8cde,20,73,27,yes,2025-06-14T05:53:12.924654Z,14.6
KXTRUMPMENTION-25DEC31,KXTRUMPMENTION-25DEC31-BIR,ab6e46dd-231b-4898-a966-cef7b75b94d1,1,71,29,yes,2025-06-14T05:53:12.924654Z,0.71
KXTRUMPMENTION-25DEC31,KXTRUMPMENTION-25DEC31-BIR,2c293c4f-b360-4453-a72c-c48bb6cdb805,45,70,30,yes,2025-06-14T05:53:12.924654Z,31.5
KXTRUMPMENTION-25DEC31,KXTRUMPMENTION-25DEC31-BIR,2bcfe322-97db-4706-ba1f-18e26d49016a,1,74,26,yes,2025-06-14T05:53:12.924654Z,0.74
KXTRUMPMENTION-25DEC31,KXTRUMPMENTION-25DEC31-BIR,d3095950-216a-4bb9-af61-70e7b95dd4a5,4,66,34,no,2025-06-14T05:51:50.73544Z,2.64
KXTRUMPMENTION-25DEC31,KXTRUMPMENTION-25DEC31-BIR,9947bafe-c7d1-45ee-b8ed-324f39ef68c7,296,65,35,no,2025-06-14T05:51:50.73544Z,192.4
KXTRUMPMENTION-25DEC31,KXTRUMPMENTION-25DEC31-BIR,f9e243c6-d6a5-406d-b4c1-2d95ab2f2b6d,4,66,34,no,2025-06-14T05:49:16.006945Z,2.64
KXTRUMPMENTION-25DEC31,KXTRUMPMENTION-25DEC31-BIR,12779900-0b68-4cf3-b4ed-7217c1b0cc21,59,65,35,no,2025-06-14T05:49:16.006945Z,38.35
KXTRUMPMENTION-25DEC31,KXTRUMPMENTION-25DEC31-BIR,07be9fa4-4c61-4600-98f7-0a4c6434c6f2,2,66,34,no,2025-06-14T05:49:16.006945Z,1.32
KXTRUMPMENTION-25DEC31,KXTRUMPMENTION-25DEC31-BIR,f533c217-0774-4434-9c10-90d8dac007bf,4,61,39,no,2025-06-14T05:13:45.704774Z,2.44
KXTRUMPMENTION-25DEC31,KXTRUMPMENTION-25DEC31-BIR,a29017cb-f501-4395-8492-990464d3f477,10,62,38,no,2025-06-14T05:13:45.704774Z,6.2
KXTRUMPMENTION-25DEC31,KXTRUMPMENTION-25DEC31-BIR,493d6535-dbed-4ab5-991b-890f287d3d8f,10,61,39,no,2025-06-14T05:13:45.704774Z,6.1
KXTRUMPMENTION-25DEC31,KXTRUMPMENTION-25DEC31-BIR,f2dd6e5b-e4eb-4273-80d1-8377735e441a,195,70,30,yes,2025-06-14T05:04:28.04546Z,136.5
KXTRUMPMENTION-25DEC31,KXTRUMPMENTION-25DEC31-BIR,2cdccf7b-d357-4b44-bab6-e8d0fcc3d1af,12,70,30,yes,2025-06-14T05:02:17.982125Z,8.4
KXTRUMPMENTION-25DEC31,KXTRUMPMENTION-25DEC31-BIR,30ef30db-79a9-437e-af91-80f3139bb1c8,8,70,30,yes,2025-06-14T04:06:09.78137Z,5.6
KXTRUMPMENTION-25DEC31,KXTRUMPMENTION-25DEC31-BIR,a2507b61-ad4d-4bab-9639-89568dc01d2c,20,70,30,yes,2025-06-14T04:04:57.160024Z,14.0
KXTRUMPMENTION-25DEC31,KXTRUMPMENTION-25DEC31-BIR,d969475d-c171-4b46-9244-fc9fcef6dc61,30,70,30,yes,2025-06-14T03:52:13.991189Z,21.0
KXTRUMPMENTION-25DEC31,KXTRUMPMENTION-25DEC31-BIR,da048bba-a36e-4513-b53b-52992c841ab7,19,69,31,yes,2025-06-14T03:32:25.964659Z,13.11
KXTRUMPMENTION-25DEC31,KXTRUMPMENTION-25DEC31-BIR,5293b871-01d1-457a-a318-36c1cc62e459,20,70,30,yes,2025-06-14T03:26:19.958874Z,14.0
KXTRUMPMENTION-25DEC31,KXTRUMPMENTION-25DEC31-BIR,b9e06681-7d28-4d53-b973-e37d6b74c8c7,7,69,31,yes,2025-06-14T03:21:14.618319Z,4.83
KXTRUMPMENTION-25DEC31,KXTRUMPMENTION-25DEC31-BIR,6747b135-2e23-491c-996b-7cde546ee292,14,69,31,yes,2025-06-14T03:12:09.322196Z,9.66
KXTRUMPMENTION-25DEC31,KXTRUMPMENTION-25DEC31-BIR,c511890e-c583-4ed9-bca3-c6e6926b9cd3,27,62,38,no,2025-06-14T02:28:06.472464Z,16.74
KXTRUMPMENTION-25DEC31,KXTRUMPMENTION-25DEC31-BIR,7d154f8a-4f8f-459c-ac88-ca6da830ade3,50,63,37,no,2025-06-14T02:27:41.468299Z,31.5
KXTRUMPMENTION-25DEC31,KXTRUMPMENTION-25DEC31-BIR,5d38992e-9ca8-4714-90a6-52df1d853422,1,62,38,no,2025-06-14T00:32:01.806769Z,0.62
KXTRUMPMENTION-25DEC31,KXTRUMPMENTION-25DEC31-BIR,0e767ed6-3d79-429f-9196-d3c72f4e4fd2,10,59,41,no,2025-06-14T00:11:03.92155Z,5.9
KXTRUMPMENTION-25DEC31,KXTRUMPMENTION-25DEC31-BIR,bf04a390-c164-4c98-b5ce-b7e16e019c2f,120,59,41,yes,2025-06-13T22:15:04.611183Z,70.8
KXTRUMPMENTION-25DEC31,KXTRUMPMENTION-25DEC31-BIR,aad2fbe2-95ea-40d2-8aed-ec528117890c,120,57,43,yes,2025-06-13T22:15:04.611183Z,68.4
KXTRUMPMENTION-25DEC31,KXTRUMPMENTION-25DEC31-BIR,155e7c72-176d-485b-97d0-c745f3492703,30,55,45,yes,2025-06-13T22:15:04.611183Z,16.5
KXTRUMPMENTION-25DEC31,KXTRUMPMENTION-25DEC31-FLA,3583ec00-41de-482f-8673-4360f7c729ec,2,64,36,yes,2025-06-14T12:22:46.338676Z,1.28
KXTRUMPMENTION-25DEC31,KXTRUMPMENTION-25DEC31-FLA,fb1d24cb-3cf8-4f2d-9f27-8f92f76f2db4,50,65,35,yes,2025-06-14T06:55:28.781397Z,32.5
KXTRUMPMENTION-25DEC31,KXTRUMPMENTION-25DEC31-FLA,44e506e1-4e7f-4202-8f42-67c22aec00ce,4,65,35,yes,2025-06-14T06:55:28.781397Z,2.6
KXTRUMPMENTION-25DEC31,KXTRUMPMENTION-25DEC31-FLA,3eed9af7-9b10-482f-bd8d-1bab7452dc6b,7,55,45,no,2025-06-14T05:16:53.587191Z,3.85
KXTRUMPMENTION-25DEC31,KXTRUMPMENTION-25DEC31-FLA,a1eb0f93-dda9-44a7-a43a-78fc65a989cc,120,64,36,yes,2025-06-14T04:43:50.834236Z,76.8
KXTRUMPMENTION-25DEC31,KXTRUMPMENTION-25DEC31-FLA,8fd2610c-587d-4ea7-b5c5-a2a08d6ed985,48,66,34,yes,2025-06-14T04:43:50.834236Z,31.68
KXTRUMPMENTION-25DEC31,KXTRUMPMENTION-25DEC31-FLA,623f6e32-a211-4c75-8587-c7ee454dd807,35,61,39,yes,2025-06-14T04:43:50.834236Z,21.35
KXTRUMPMENTION-25DEC31,KXTRUMPMENTION-25DEC31-FLA,4a33ccea-16de-4be0-9754-5060c0b7f6a8,47,62,38,yes,2025-06-14T04:43:50.834236Z,29.14
KXTRUMPMENTION-25DEC31,KXTRUMPMENTION-25DEC31-FLA,14b5decf-7fcd-4911-849f-bf4feb15880d,246,63,37,yes,2025-06-14T04:43:50.834236Z,154.98
KXTRUMPMENTION-25DEC31,KXTRUMPMENTION-25DEC31-FLA,141703f5-f5c2-4499-b304-859de12b6a11,4,62,38,yes,2025-06-14T04:43:50.834236Z,2.48
KXTRUMPMENTION-25DEC31,KXTRUMPMENTION-25DEC31-FLA,a5f3fe1f-6767-41f5-80d4-a1bf09ff4959,13,63,37,yes,2025-06-14T04:27:42.084494Z,8.19
KXTRUMPMENTION-25DEC31,KXTRUMPMENTION-25DEC31-FLA,1a23dc47-3e03-4606-9804-10f9be6f773d,42,61,39,yes,2025-06-14T04:27:42.084494Z,25.62
KXTRUMPMENTION-25DEC31,KXTRUMPMENTION-25DEC31-FLA,af251e7e-d77d-4515-b346-398093e094cf,9,61,39,yes,2025-06-14T03:51:54.089355Z,5.49
KXTRUMPMENTION-25DEC31,KXTRUMPMENTION-25DEC31-FLA,7ae71a00-8031-4462-bd70-7b01db239c49,150,60,40,yes,2025-06-14T03:46:20.427836Z,90.0
KXTRUMPMENTION-25DEC31,KXTRUMPMENTION-25DEC31-FLA,edddd72a-2bee-4523-90a7-7db76f98891d,40,51,49,no,2025-06-14T03:30:58.48541Z,20.4
KXTRUMPMENTION-25DEC31,KXTRUMPMENTION-25DEC31-FLA,67bc4c6e-6beb-4f0b-aa75-35d0925562c4,40,53,47,no,2025-06-14T03:30:58.48541Z,21.2
KXTRUMPMENTION-25DEC31,KXTRUMPMENTION-25DEC31-FLA,1ea292e5-acee-4951-a312-6b61d55a579f,8,55,45,no,2025-06-14T03:30:58.48541Z,4.4
KXTRUMPMENTION-25DEC31,KXTRUMPMENTION-25DEC31-FLA,9ec0edb2-ae57-4fc4-b6de-94ec86b84ebb,11,55,45,no,2025-06-14T03:19:32.275938Z,6.05
KXTRUMPMENTION-25DEC31,KXTRUMPMENTION-25DEC31-FLA,51687141-d60e-402f-a836-64a2601647ad,10,55,45,no,2025-06-14T03:19:32.275938Z,5.5
KXTRUMPMENTION-25DEC31,KXTRUMPMENTION-25DEC31-FLA,c7d2c6ab-47db-4390-a519-1b4be858ec95,120,65,35,yes,2025-06-13T22:20:08.942979Z,78.0
KXTRUMPMENTION-25DEC31,KXTRUMPMENTION-25DEC31-FLA,4d5015d8-550b-4041-9ed0-21e7fb94a6e0,30,61,39,yes,2025-06-13T22:20:08.942979Z,18.3
KXTRUMPMENTION-25DEC31,KXTRUMPMENTION-25DEC31-FLA,21deceb7-d3c2-4aab-a4bb-63f5d0950d9a,120,63,37,yes,2025-06-13T22:20:08.942979Z,75.6
KXTRUMPMENTION-25DEC31,KXTRUMPMENTION-25DEC31-BBB,e89f81f1-01bf-498a-be8c-7d839576fd88,14,79,21,yes,2025-06-14T12:59:15.476401Z,11.06
KXTRUMPMENTION-25DEC31,KXTRUMPMENTION-25DEC31-BBB,cfe1d0ee-bc44-4fa5-878f-224c246ea844,20,77,23,yes,2025-06-14T12:59:15.476401Z,15.4
KXTRUMPMENTION-25DEC31,KXTRUMPMENTION-25DEC31-BBB,873f9da9-d29d-41cd-8102-23d705e58750,7,75,25,yes,2025-06-14T12:59:15.476401Z,5.25
KXTRUMPMENTION-25DEC31,KXTRUMPMENTION-25DEC31-BBB,197fcae7-b263-4e55-83a0-4caa21313a6f,8,67,33,no,2025-06-14T12:22:51.586231Z,5.36
KXTRUMPMENTION-25DEC31,KXTRUMPMENTION-25DEC31-BBB,94fea8ee-3ea3-427f-bccf-0b3b238b800f,2,75,25,yes,2025-06-14T12:05:37.405586Z,1.5
KXTRUMPMENTION-25DEC31,KXTRUMPMENTION-25DEC31-BBB,26bf2eea-c16e-4b34-8a80-161bd1f2c568,54,74,26,yes,2025-06-14T12:05:37.405586Z,39.96
KXTRUMPMENTION-25DEC31,KXTRUMPMENTION-25DEC31-BBB,1cea3241-a9db-4e7d-b799-3cb68e679715,10,74,26,yes,2025-06-14T12:05:37.405586Z,7.4
KXTRUMPMENTION-25DEC31,KXTRUMPMENTION-25DEC31-BBB,a55dd7a0-5060-4087-8d6b-73c1e3eee898,54,65,35,no,2025-06-14T06:07:22.945547Z,35.1
KXTRUMPMENTION-25DEC31,KXTRUMPMENTION-25DEC31-BBB,f794af88-a319-41e5-9a26-c22550781243,8,74,26,yes,2025-06-14T05:14:04.586444Z,5.92
KXTRUMPMENTION-25DEC31,KXTRUMPMENTION-25DEC31-BBB,3a21ca12-63ad-4b92-84a9-f14f1da082f7,5,76,24,yes,2025-06-14T05:14:04.586444Z,3.8
KXTRUMPMENTION-25DEC31,KXTRUMPMENTION-25DEC31-BBB,b380746b-1b5a-4e10-8d92-0551ce198e21,12,75,25,yes,2025-06-14T05:13:23.922281Z,9.0
KXTRUMPMENTION-25DEC31,KXTRUMPMENTION-25DEC31-BBB,ab7f282e-bb55-4c5a-9845-7cd222052b03,1,74,26,yes,2025-06-14T05:13:23.922281Z,0.74
KXTRUMPMENTION-25DEC31,KXTRUMPMENTION-25DEC31-BBB,d576a675-c3a3-43e7-a35e-bcb0e3975c04,6,73,27,yes,2025-06-14T05:04:29.246479Z,4.38
KXTRUMPMENTION-25DEC31,KXTRUMPMENTION-25DEC31-BBB,01ebefec-ca8a-4420-909d-edce385ee1bc,7,74,26,yes,2025-06-14T05:04:29.246479Z,5.18
KXTRUMPMENTION-25DEC31,KXTRUMPMENTION-25DEC31-BBB,98063f8b-14a9-474b-a0b9-6e5a43f79be7,10,64,36,no,2025-06-14T04:12:24.382249Z,6.4
KXTRUMPMENTION-25DEC31,KXTRUMPMENTION-25DEC31-BBB,87e20aa2-4aac-41c9-b7a8-241833085a93,17,64,36,no,2025-06-14T04:12:24.382249Z,10.88
KXTRUMPMENTION-25DEC31,KXTRUMPMENTION-25DEC31-BBB,f6b757b4-b3f5-4654-95ad-bec85a8d5adb,6,71,29,yes,2025-06-14T00:54:28.094704Z,4.26
KXTRUMPMENTION-25DEC31,KXTRUMPMENTION-25DEC31-BBB,c38f0464-26a6-4512-a7c6-d18f1f477608,5,68,32,yes,2025-06-14T00:54:28.094704Z,3.4
KXTRUMPMENTION-25DEC31,KXTRUMPMENTION-25DEC31-BBB,30fa6aed-c5f8-4853-bbc2-45192a2ecf55,10,70,30,yes,2025-06-14T00:54:28.094704Z,7.0
KXTRUMPMENTION-25DEC31,KXTRUMPMENTION-25DEC31-BBB,46e343d3-ddb4-4585-bd75-e1c8d27af915,17,70,30,yes,2025-06-13T22:32:58.792345Z,11.9
KXTRUMPMENTION-25DEC31,KXTRUMPMENTION-25DEC31-BBB,cd8717c4-14c6-40d1-9033-19e8e8a6a2fb,1,64,36,no,2025-06-13T18:58:12.942188Z,0.64
KXTRUMPMENTION-25DEC31,KXTRUMPMENTION-25DEC31-BBB,fcc345be-5cc0-4cdd-a6e5-19aac6facef8,1,72,28,yes,2025-06-13T18:15:44.73536Z,0.72
KXTRUMPMENTION-25DEC31,KXTRUMPMENTION-25DEC31-BBB,cb403a2d-6121-4bd1-9bde-28df56496799,1,72,28,yes,2025-06-13T16:39:24.575502Z,0.72
KXTRUMPMENTION-25DEC31,KXTRUMPMENTION-25DEC31-BBB,df0a0067-9c66-4ab5-9bbc-77b087c4fe22,5,63,37,no,2025-06-13T12:58:40.583117Z,3.15
KXTRUMPMENTION-25DEC31,KXTRUMPMENTION-25DEC31-BBB,a4aa8a51-b282-4d21-9ab8-71b65f3ae989,10,73,27,yes,2025-06-13T12:26:28.842312Z,7.3
KXTRUMPMENTION-25DEC31,KXTRUMPMENTION-25DEC31-BBB,86e1bf50-ea17-43c6-ab3f-b1a045394674,3,73,27,yes,2025-06-13T12:26:28.842312Z,2.19
KXTRUMPMENTION-25DEC31,KXTRUMPMENTION-25DEC31-BBB,3454bd89-d626-4b16-bf8f-709ede07490e,1,73,27,yes,2025-06-13T04:04:32.657512Z,0.73
KXTRUMPMENTION-25DEC31,KXTRUMPMENTION-25DEC31-BBB,14e41e16-4310-4e8e-91b6-3c10406ff8bd,10,59,41,yes,2025-06-13T02:45:54.392492Z,5.9
KXTRUMPMENTION-25DEC31,KXTRUMPMENTION-25DEC31-BBB,ff56cae3-2ccf-4f8d-a4d9-b68f3309311c,10,21,79,no,2025-06-13T02:34:45.424044Z,2.1
KXTRUMPMENTION-25DEC31,KXTRUMPMENTION-25DEC31-BBB,24285da5-2966-495a-a9c4-08089d60b838,190,64,36,no,2025-06-13T02:34:45.424044Z,121.6
KXTRUMPMENTION-25DEC31,KXTRUMPMENTION-25DEC31-BBB,47085ab5-6709-4df9-b5c7-ddbcf1b73385,10,64,36,no,2025-06-13T01:06:42.253809Z,6.4
KXTRUMPMENTION-25DEC31,KXTRUMPMENTION-25DEC31-BBB,aba71154-31c7-489b-a836-96f3a3b178d0,36,65,35,no,2025-06-12T21:28:22.112586Z,23.4
KXTRUMPMENTION-25DEC31,KXTRUMPMENTION-25DEC31-BBB,8bf66110-afa6-42ac-9624-e5d8908ee0c0,7,75,25,yes,2025-06-12T16:27:24.863642Z,5.25
KXTRUMPMENTION-25DEC31,KXTRUMPMENTION-25DEC31-BBB,9d50ebf4-03de-4129-b7e3-7009c157ed3c,20,67,33,yes,2025-06-12T15:35:55.427072Z,13.4
KXTRUMPMENTION-25DEC31,KXTRUMPMENTION-25DEC31-BBB,87fb9d5b-56e3-425f-983c-c692adc62c12,5,65,35,yes,2025-06-12T15:35:55.427072Z,3.25
KXTRUMPMENTION-25DEC31,KXTRUMPMENTION-25DEC31-BBB,6c114afa-10e1-482b-b825-e20b252b7bde,20,69,31,yes,2025-06-12T15:35:55.427072Z,13.8
KXTRUMPMENTION-25DEC31,KXTRUMPMENTION-25DEC31-NATIO,0c2646ec-341e-4a1e-97c4-451ab128bc9c,14,78,22,no,2025-06-14T12:24:40.948153Z,10.92
KXTRUMPMENTION-25DEC31,KXTRUMPMENTION-25DEC31-NATIO,d5be4012-a960-4a95-b379-d4b207fd9f58,4,93,7,yes,2025-06-14T12:18:15.514433Z,3.72
KXTRUMPMENTION-25DEC31,KXTRUMPMENTION-25DEC31-NATIO,051771a0-50ec-454d-9e12-756ed319a55e,1,93,7,yes,2025-06-14T12:18:15.514433Z,0.93
KXTRUMPMENTION-25DEC31,KXTRUMPMENTION-25DEC31-NATIO,cee4f63b-1190-40e7-b3fe-98e3af796af3,8,80,20,yes,2025-06-14T06:06:22.765453Z,6.4
KXTRUMPMENTION-25DEC31,KXTRUMPMENTION-25DEC31-NATIO,b964cb51-eb19-4ba2-bf25-ad3692cabdf2,8,94,6,yes,2025-06-14T06:06:22.765453Z,7.52
KXTRUMPMENTION-25DEC31,KXTRUMPMENTION-25DEC31-NATIO,aa98bbf8-0c58-40af-bb83-7464d4751586,20,82,18,yes,2025-06-14T06:06:22.765453Z,16.4
KXTRUMPMENTION-25DEC31,KXTRUMPMENTION-25DEC31-NATIO,8ae2adb5-4ea7-4a81-9841-f173ab851b69,20,84,16,yes,2025-06-14T06:06:22.765453Z,16.8
KXTRUMPMENTION-25DEC31,KXTRUMPMENTION-25DEC31-NATIO,5e51ddf6-1af7-4d7c-a1e7-dca7ff0ed603,50,93,7,yes,2025-06-14T06:06:22.765453Z,46.5
KXTRUMPMENTION-25DEC31,KXTRUMPMENTION-25DEC31-NATIO,1a9bd612-7986-46cb-9fce-289c85010ffe,4,93,7,yes,2025-06-14T06:06:22.765453Z,3.72
KXTRUMPMENTION-25DEC31,KXTRUMPMENTION-25DEC31-NATIO,031b894d-e482-431f-a781-9e72d5d78db5,6,70,30,no,2025-06-14T05:57:32.9014Z,4.2
KXTRUMPMENTION-25DEC31,KXTRUMPMENTION-25DEC31-NATIO,ad2d602a-2a14-4a30-8edc-f9f551c1abe6,1,75,25,yes,2025-06-14T00:31:32.783522Z,0.75
KXTRUMPMENTION-25DEC31,KXTRUMPMENTION-25DEC31-NATIO,424df3ab-a0ab-4884-a3c9-1c37e804c02c,1,80,20,yes,2025-06-13T21:13:42.21342Z,0.8
KXTRUMPMENTION-25DEC31,KXTRUMPMENTION-25DEC31-NATIO,122684a3-194f-4809-8aea-c5548a07f03f,2,70,30,no,2025-06-13T18:50:54.358854Z,1.4
KXTRUMPMENTION-25DEC31,KXTRUMPMENTION-25DEC31-NATIO,89dba569-8881-4555-a52a-e0ebd7696d7e,2,79,21,yes,2025-06-13T18:49:34.086525Z,1.58
KXTRUMPMENTION-25DEC31,KXTRUMPMENTION-25DEC31-NATIO,b5360239-ff90-43c3-8a98-32a49c8d942f,5,78,22,yes,2025-06-13T15:00:05.931909Z,3.9
KXTRUMPMENTION-25DEC31,KXTRUMPMENTION-25DEC31-NATIO,ab8b82af-7dff-43f1-a93c-f87015603f92,10,79,21,yes,2025-06-13T15:00:05.931909Z,7.9
KXTRUMPMENTION-25DEC31,KXTRUMPMENTION-25DEC31-NATIO,59edb76c-6231-4db5-9b00-c99f0c5375da,108,80,20,yes,2025-06-13T15:00:05.931909Z,86.4
KXTRUMPMENTION-25DEC31,KXTRUMPMENTION-25DEC31-NATIO,5f99271f-58f5-49fb-8354-423b423e1043,1,78,22,yes,2025-06-13T04:08:22.980084Z,0.78
KXTRUMPMENTION-25DEC31,KXTRUMPMENTION-25DEC31-NATIO,e96f36ed-4444-41e1-bda8-f95c4423fd7f,2,78,22,yes,2025-06-13T03:03:00.403937Z,1.56
KXTRUMPMENTION-25DEC31,KXTRUMPMENTION-25DEC31-NATIO,4d0fa5a9-3b7e-43ea-8cfa-c426c8cc8731,5,78,22,yes,2025-06-13T00:23:49.693013Z,3.9
KXTRUMPMENTION-25DEC31,KXTRUMPMENTION-25DEC31-NATIO,fd4142a9-7474-44b6-898b-27ba9cba050d,5,79,21,yes,2025-06-12T23:40:09.444578Z,3.95
KXTRUMPMENTION-25DEC31,KXTRUMPMENTION-25DEC31-NATIO,75470598-b492-4c8c-9fdb-9caf23835a35,20,77,23,yes,2025-06-12T23:40:09.444578Z,15.4
KXTRUMPMENTION-25DEC31,KXTRUMPMENTION-25DEC31-NATIO,20d7afd6-f89d-4fb1-bf7b-f6646cbf2ce1,20,75,25,yes,2025-06-12T20:52:43.430008Z,15.0
KXTRUMPMENTION-25DEC31,KXTRUMPMENTION-25DEC31-NATIO,0c4b7bb5-8cbe-49a4-a1be-a49b41e9f69c,6,75,25,yes,2025-06-12T20:52:43.430008Z,4.5
KXTRUMPMENTION-25DEC31,KXTRUMPMENTION-25DEC31-LA,6168ab9d-8486-4680-ac91-506ece5b3cda,18,75,25,yes,2025-06-14T12:58:15.887418Z,13.5
KXTRUMPMENTION-25DEC31,KXTRUMPMENTION-25DEC31-LA,48a924fb-8b53-49af-83b0-d9df1d4f845a,131,75,25,yes,2025-06-14T12:57:37.842135Z,98.25
KXTRUMPMENTION-25DEC31,KXTRUMPMENTION-25DEC31-LA,1c02052e-6714-4733-9f7a-9f98b548ba6d,131,75,25,yes,2025-06-14T12:43:16.638233Z,98.25
KXTRUMPMENTION-25DEC31,KXTRUMPMENTION-25DEC31-LA,a78276aa-0a94-4dd5-9b95-def127b99b25,26,75,25,yes,2025-06-14T12:20:12.872291Z,19.5
KXTRUMPMENTION-25DEC31,KXTRUMPMENTION-25DEC31-LA,cb3697aa-b21c-4a0e-b9a4-a0373f97407f,2,75,25,yes,2025-06-14T12:18:04.274245Z,1.5
KXTRUMPMENTION-25DEC31,KXTRUMPMENTION-25DEC31-LA,b378d2ef-6131-49b9-9e56-8bdcb4a270d1,104,75,25,yes,2025-06-14T12:03:32.327189Z,78.0
